time,sym,bid,ask
2016-04-10T21:00:17.014000,EURGBP,0.807280004,0.810280025
2016-04-10T21:00:24.609000,EURGBP,0.808570027,0.809400022
2016-04-10T21:00:45.613000,EURGBP,0.808189988,0.808640003
2016-04-10T21:00:57.206000,EURGBP,0.808260024,0.808719993
2016-04-10T21:01:16.786000,EURGBP,0.80825001,0.808719993
2016-04-10T21:01:34.606000,EURGBP,0.808200002,0.808679998
2016-04-10T21:01:35.417000,EURGBP,0.80825001,0.809069991
2016-04-10T21:01:56.786000,EURGBP,0.808229983,0.808700025
2016-04-10T21:02:16.412000,EURGBP,0.808229983,0.808700025
2016-04-10T21:02:16.517000,EURGBP,0.808229983,0.809050024
2016-04-10T21:02:28.791000,EURGBP,0.808220029,0.808659971
2016-04-10T21:02:56.785000,EURGBP,0.808200002,0.808700025
2016-04-10T21:03:16.787000,EURGBP,0.808170021,0.808700025
2016-04-10T21:03:16.912000,EURGBP,0.808170021,0.808669984
2016-04-10T21:03:17.015000,EURGBP,0.808269978,0.808990002
2016-04-10T21:03:59.793000,EURGBP,0.808200002,0.808669984
2016-04-10T21:04:02.610000,EURGBP,0.808200002,0.808669984
2016-04-10T21:04:02.610000,EURGBP,0.808200002,0.808669984
2016-04-10T21:04:24.628000,EURGBP,0.808290005,0.809220016
2016-04-10T21:04:58.644000,EURGBP,0.808290005,0.809109986
2016-04-10T21:05:00.093000,EURGBP,0.808290005,0.809109986
2016-04-10T21:05:01.751000,EURGBP,0.808290005,0.809109986
2016-04-10T21:05:20.414000,EURGBP,0.808030009,0.808650017
2016-04-10T21:05:57.760000,EURGBP,0.808220029,0.809019983
2016-04-10T21:06:00.757000,EURGBP,0.808220029,0.809019983
2016-04-10T21:06:09.108000,EURGBP,0.808279991,0.809180021
2016-04-10T21:06:58.746000,EURGBP,0.808040023,0.808669984
2016-04-10T21:07:04.446000,EURGBP,0.808040023,0.80862999
2016-04-10T21:07:10.445000,EURGBP,0.808040023,0.808570027
2016-04-10T21:07:35.436000,EURGBP,0.808030009,0.808910012
2016-04-10T21:08:00.610000,EURGBP,0.808030009,0.808870018
2016-04-10T21:08:11.271000,EURGBP,0.808030009,0.80892998
2016-04-10T21:08:25.703000,EURGBP,0.808030009,0.808719993
2016-04-10T21:09:00.043000,EURGBP,0.808030009,0.808719993
2016-04-10T21:09:00.044000,EURGBP,0.808030009,0.808719993
2016-04-10T21:09:16.605000,EURGBP,0.808030009,0.808650017
2016-04-10T21:09:36.787000,EURGBP,0.80805999,0.808650017
2016-04-10T21:10:14.715000,EURGBP,0.80805999,0.808650017
2016-04-10T21:10:57.025000,EURGBP,0.80805999,0.808650017
2016-04-10T21:11:01.158000,EURGBP,0.80805999,0.808650017
2016-04-10T21:11:50.180000,EURGBP,0.808070004,0.808369994
2016-04-10T21:11:58.803000,EURGBP,0.808070004,0.80874002
2016-04-10T21:11:58.811000,EURGBP,0.807889998,0.80874002
2016-04-10T21:12:02.704000,EURGBP,0.807889998,0.808529973
2016-04-10T21:12:19.249000,EURGBP,0.807690024,0.808529973
2016-04-10T21:12:44.357000,EURGBP,0.808030009,0.808640003
2016-04-10T21:12:56.786000,EURGBP,0.807869971,0.808650017
2016-04-10T21:13:03.832000,EURGBP,0.807869971,0.808650017
2016-04-10T21:13:16.786000,EURGBP,0.807869971,0.808650017
2016-04-10T21:13:54.479000,EURGBP,0.808089972,0.808659971
2016-04-10T21:14:11.554000,EURGBP,0.808089972,0.808700025
2016-04-10T21:14:17.654000,EURGBP,0.808089972,0.808700025
2016-04-10T21:14:57.211000,EURGBP,0.808000028,0.808510005
2016-04-10T21:15:03.296000,EURGBP,0.808049977,0.808560014
2016-04-10T21:15:23.928000,EURGBP,0.80805999,0.808570027
2016-04-10T21:15:56.784000,EURGBP,0.807990015,0.80844003
2016-04-10T21:16:05.203000,EURGBP,0.807990015,0.80844003
2016-04-10T21:16:07.902000,EURGBP,0.807990015,0.80844003
2016-04-10T21:16:28.489000,EURGBP,0.808109999,0.808449984
2016-04-10T21:16:59.936000,EURGBP,0.808070004,0.808459997
2016-04-10T21:17:01.828000,EURGBP,0.808099985,0.808459997
2016-04-10T21:17:02.835000,EURGBP,0.808099985,0.808459997
2016-04-10T21:17:33.669000,EURGBP,0.807139993,0.807879984
2016-04-10T21:17:59.512000,EURGBP,0.807479978,0.808229983
2016-04-10T21:18:00.004000,EURGBP,0.807479978,0.808229983
2016-04-10T21:18:02.378000,EURGBP,0.807420015,0.808070004
2016-04-10T21:18:20.323000,EURGBP,0.807550013,0.808229983
2016-04-10T21:18:56.786000,EURGBP,0.807590008,0.808109999
2016-04-10T21:19:01.759000,EURGBP,0.807590008,0.808109999
2016-04-10T21:19:15.216000,EURGBP,0.807590008,0.808109999
2016-04-10T21:19:41.112000,EURGBP,0.807579994,0.808089972
2016-04-10T21:20:12.234000,EURGBP,0.807590008,0.808089972
2016-04-10T21:20:49.415000,EURGBP,0.807590008,0.808089972
2016-04-10T21:21:12.303000,EURGBP,0.807590008,0.808089972
2016-04-10T21:21:15.303000,EURGBP,0.807590008,0.808089972
2016-04-10T21:21:55.114000,EURGBP,0.807770014,0.808220029
2016-04-10T21:21:59.639000,EURGBP,0.807739973,0.808149993
2016-04-10T21:22:08.822000,EURGBP,0.807739973,0.808229983
2016-04-10T21:22:13.144000,EURGBP,0.807619989,0.808170021
2016-04-10T21:22:59.459000,EURGBP,0.807730019,0.808279991
2016-04-10T21:23:00.235000,EURGBP,0.807699978,0.80825001
2016-04-10T21:23:12.996000,EURGBP,0.807730019,0.80825001
2016-04-10T21:23:58.927000,EURGBP,0.807730019,0.808160007
2016-04-10T21:24:00.204000,EURGBP,0.807789981,0.808220029
2016-04-10T21:24:00.277000,EURGBP,0.807739973,0.808220029
2016-04-10T21:24:11.344000,EURGBP,0.808089972,0.808489978
2016-04-10T21:24:57.945000,EURGBP,0.807879984,0.808329999
2016-04-10T21:25:01.491000,EURGBP,0.807850003,0.808329999
2016-04-10T21:25:35.532000,EURGBP,0.807850003,0.808329999
2016-04-10T21:25:52.333000,EURGBP,0.807850003,0.808340013
2016-04-10T21:26:03.589000,EURGBP,0.807850003,0.808340013
2016-04-10T21:26:43.348000,EURGBP,0.807749987,0.808239996
2016-04-10T21:26:48.809000,EURGBP,0.807900012,0.808300018
2016-04-10T21:26:56.785000,EURGBP,0.80783999,0.808300018
2016-04-10T21:27:01.104000,EURGBP,0.80783999,0.808300018
2016-04-10T21:27:50.105000,EURGBP,0.807850003,0.808340013
2016-04-10T21:27:58.033000,EURGBP,0.807829976,0.80825001
2016-04-10T21:28:02.800000,EURGBP,0.807829976,0.80825001
2016-04-10T21:28:03.504000,EURGBP,0.807829976,0.80825001
2016-04-10T21:28:10.339000,EURGBP,0.807900012,0.808300018
2016-04-10T21:28:56.784000,EURGBP,0.807860017,0.808290005
2016-04-10T21:29:01.895000,EURGBP,0.807860017,0.808290005
2016-04-10T21:29:01.895000,EURGBP,0.807860017,0.808290005
2016-04-10T21:29:39.694000,EURGBP,0.807869971,0.808329999
2016-04-10T21:29:57.699000,EURGBP,0.807869971,0.808300018
2016-04-10T21:30:00.115000,EURGBP,0.807869971,0.808300018
2016-04-10T21:30:56.786000,EURGBP,0.807879984,0.808300018
2016-04-10T21:30:58.199000,EURGBP,0.807869971,0.808300018
2016-04-10T21:31:04.193000,EURGBP,0.807869971,0.808300018
2016-04-10T21:31:10.194000,EURGBP,0.807869971,0.808300018
2016-04-10T21:31:52.304000,EURGBP,0.807900012,0.808300018
2016-04-10T21:32:04.632000,EURGBP,0.807879984,0.808300018
2016-04-10T21:32:52.494000,EURGBP,0.807869971,0.808300018
2016-04-10T21:32:58.331000,EURGBP,0.807879984,0.808300018
2016-04-10T21:33:16.358000,EURGBP,0.807879984,0.808300018
2016-04-10T21:33:25.332000,EURGBP,0.807879984,0.808300018
2016-04-10T21:33:25.333000,EURGBP,0.807889998,0.808300018
2016-04-10T21:34:02.657000,EURGBP,0.807889998,0.808300018
2016-04-10T21:34:02.657000,EURGBP,0.807889998,0.808300018
2016-04-10T21:34:48.649000,EURGBP,0.807889998,0.808340013
2016-04-10T21:35:12.140000,EURGBP,0.807879984,0.808340013
2016-04-10T21:35:12.140000,EURGBP,0.807879984,0.808340013
2016-04-10T21:35:38.533000,EURGBP,0.807829976,0.808279991
2016-04-10T21:35:57.565000,EURGBP,0.80783999,0.808279991
2016-04-10T21:36:00.564000,EURGBP,0.80783999,0.808279991
2016-04-10T21:36:04.003000,EURGBP,0.80783999,0.808279991
2016-04-10T21:36:59.233000,EURGBP,0.807990015,0.808350027
2016-04-10T21:37:04.238000,EURGBP,0.807990015,0.808350027
2016-04-10T21:37:14.556000,EURGBP,0.808000028,0.808350027
2016-04-10T21:37:58.242000,EURGBP,0.808000028,0.808309972
2016-04-10T21:38:00.123000,EURGBP,0.808000028,0.808309972
2016-04-10T21:38:55.080000,EURGBP,0.808000028,0.808309972
2016-04-10T21:39:03.495000,EURGBP,0.808000028,0.808309972
2016-04-10T21:39:55.609000,EURGBP,0.808009982,0.808220029
2016-04-10T21:39:56.786000,EURGBP,0.808009982,0.808300018
2016-04-10T21:39:57.506000,EURGBP,0.808009982,0.808260024
2016-04-10T21:40:00.018000,EURGBP,0.808009982,0.808229983
2016-04-10T21:40:00.745000,EURGBP,0.808009982,0.808229983
2016-04-10T21:40:47.007000,EURGBP,0.808269978,0.808279991
2016-04-10T21:40:58.245000,EURGBP,0.808049977,0.808309972
2016-04-10T21:41:04.019000,EURGBP,0.80805999,0.808309972
2016-04-10T21:41:04.019000,EURGBP,0.80805999,0.808309972
2016-04-10T21:41:44.010000,EURGBP,0.808019996,0.808290005
2016-04-10T21:42:00.132000,EURGBP,0.808019996,0.808290005
2016-04-10T21:42:00.132000,EURGBP,0.808019996,0.808290005
2016-04-10T21:42:45.436000,EURGBP,0.808019996,0.808279991
2016-04-10T21:43:18.401000,EURGBP,0.808019996,0.808279991
2016-04-10T21:43:28.351000,EURGBP,0.808030009,0.808279991
2016-04-10T21:43:57.732000,EURGBP,0.808030009,0.808269978
2016-04-10T21:44:10.334000,EURGBP,0.808030009,0.808269978
2016-04-10T21:44:32.046000,EURGBP,0.808030009,0.808269978
2016-04-10T21:44:57.750000,EURGBP,0.808049977,0.808269978
2016-04-10T21:45:00.022000,EURGBP,0.808040023,0.808269978
2016-04-10T21:45:05.377000,EURGBP,0.808040023,0.808269978
2016-04-10T21:45:59.499000,EURGBP,0.808009982,0.808189988
2016-04-10T21:46:00.372000,EURGBP,0.808009982,0.808189988
2016-04-10T21:46:03.182000,EURGBP,0.808030009,0.808189988
2016-04-10T21:46:44.613000,EURGBP,0.807510018,0.807910025
2016-04-10T21:46:56.902000,EURGBP,0.807550013,0.807959974
2016-04-10T21:47:06.009000,EURGBP,0.807550013,0.807959974
2016-04-10T21:47:14.800000,EURGBP,0.807550013,0.807959974
2016-04-10T21:47:41.014000,EURGBP,0.807579994,0.808000028
2016-04-10T21:47:54.731000,EURGBP,0.807569981,0.808009982
2016-04-10T21:48:00.435000,EURGBP,0.807569981,0.808009982
2016-04-10T21:48:42.403000,EURGBP,0.807630002,0.808030009
2016-04-10T21:48:58.547000,EURGBP,0.807619989,0.807959974
2016-04-10T21:49:02.014000,EURGBP,0.807619989,0.807959974
2016-04-10T21:49:54.007000,EURGBP,0.807609975,0.807959974
2016-04-10T21:49:59.957000,EURGBP,0.807619989,0.807969987
2016-04-10T21:50:00.014000,EURGBP,0.807619989,0.807969987
2016-04-10T21:50:04.014000,EURGBP,0.807619989,0.807969987
2016-04-10T21:50:41.232000,EURGBP,0.807569981,0.807910025
2016-04-10T21:51:09.364000,EURGBP,0.807569981,0.807910025
2016-04-10T21:51:09.396000,EURGBP,0.807609975,0.807940006
2016-04-10T21:51:12.395000,EURGBP,0.807569981,0.807910025
2016-04-10T21:51:59.832000,EURGBP,0.807590008,0.807919979
2016-04-10T21:52:06.432000,EURGBP,0.807590008,0.807919979
2016-04-10T21:52:16.314000,EURGBP,0.807600021,0.807929993
2016-04-10T21:52:51.009000,EURGBP,0.807590008,0.807919979
2016-04-10T21:53:00.499000,EURGBP,0.807590008,0.807929993
2016-04-10T21:53:10.431000,EURGBP,0.807600021,0.807919979
2016-04-10T21:53:19.200000,EURGBP,0.807619989,0.80795002
2016-04-10T21:53:56.820000,EURGBP,0.807609975,0.807929993
2016-04-10T21:54:00.701000,EURGBP,0.807609975,0.807929993
2016-04-10T21:54:02.961000,EURGBP,0.80765003,0.807969987
2016-04-10T21:54:59.234000,EURGBP,0.807609975,0.807929993
2016-04-10T21:55:00.437000,EURGBP,0.807609975,0.807929993
2016-04-10T21:55:00.437000,EURGBP,0.807609975,0.807929993
2016-04-10T21:55:07.460000,EURGBP,0.807640016,0.807969987
2016-04-10T21:55:55.332000,EURGBP,0.807609975,0.807940006
2016-04-10T21:56:16.869000,EURGBP,0.807609975,0.807940006
2016-04-10T21:56:28.517000,EURGBP,0.807609975,0.807940006
2016-04-10T21:56:39.015000,EURGBP,0.807609975,0.807929993
2016-04-10T21:57:02.893000,EURGBP,0.807609975,0.807969987
2016-04-10T21:57:16.854000,EURGBP,0.807600021,0.807919979
2016-04-10T21:57:49.065000,EURGBP,0.807720006,0.80805999
2016-04-10T21:57:56.786000,EURGBP,0.807640016,0.807980001
2016-04-10T21:58:00.011000,EURGBP,0.807640016,0.807980001
2016-04-10T21:58:09.704000,EURGBP,0.807609975,0.807959974
2016-04-10T21:58:16.205000,EURGBP,0.807709992,0.808049977
2016-04-10T21:58:51.437000,EURGBP,0.807640016,0.808000028
2016-04-10T21:59:04.632000,EURGBP,0.807640016,0.808000028
2016-04-10T21:59:11.709000,EURGBP,0.807640016,0.808000028
2016-04-10T21:59:59.149000,EURGBP,0.807550013,0.807919979
2016-04-10T22:00:00.032000,EURGBP,0.807550013,0.807919979
2016-04-10T22:00:00.032000,EURGBP,0.807550013,0.807919979
2016-04-10T22:00:20.501000,EURGBP,0.807110012,0.807510018
2016-04-10T22:00:59.514000,EURGBP,0.807250023,0.807550013
2016-04-10T22:01:00.923000,EURGBP,0.807250023,0.807569981
2016-04-10T22:01:07.209000,EURGBP,0.807330012,0.807579994
2016-04-10T22:01:12.901000,EURGBP,0.807139993,0.807449996
2016-04-10T22:01:59.709000,EURGBP,0.807250023,0.807539999
2016-04-10T22:02:00.014000,EURGBP,0.807250023,0.807539999
2016-04-10T22:02:06.674000,EURGBP,0.807210028,0.807519972
2016-04-10T22:02:23.116000,EURGBP,0.807399988,0.807699978
2016-04-10T22:02:59.853000,EURGBP,0.807340026,0.807609975
2016-04-10T22:03:00.107000,EURGBP,0.807340026,0.807609975
2016-04-10T22:03:16.622000,EURGBP,0.807399988,0.807669997
2016-04-10T22:03:50.366000,EURGBP,0.807299972,0.807510018
2016-04-10T22:03:59.992000,EURGBP,0.807309985,0.807590008
2016-04-10T22:04:00.013000,EURGBP,0.807309985,0.807590008
2016-04-10T22:04:03.456000,EURGBP,0.807309985,0.807590008
2016-04-10T22:04:52.111000,EURGBP,0.807410002,0.807669997
2016-04-10T22:04:59.900000,EURGBP,0.807399988,0.807659984
2016-04-10T22:05:00.100000,EURGBP,0.807399988,0.807659984
2016-04-10T22:05:08.876000,EURGBP,0.807389975,0.807640016
2016-04-10T22:05:59.799000,EURGBP,0.807489991,0.807709992
2016-04-10T22:06:00.200000,EURGBP,0.807489991,0.807709992
2016-04-10T22:06:02.006000,EURGBP,0.807579994,0.80783999
2016-04-10T22:06:03.799000,EURGBP,0.807399988,0.807640016
2016-04-10T22:06:49.899000,EURGBP,0.80746001,0.807709992
2016-04-10T22:07:02.200000,EURGBP,0.80746001,0.807709992
2016-04-10T22:07:29.299000,EURGBP,0.80746001,0.807709992
2016-04-10T22:07:59.500000,EURGBP,0.807359993,0.807609975
2016-04-10T22:08:00.010000,EURGBP,0.807359993,0.807609975
2016-04-10T22:08:34.710000,EURGBP,0.807359993,0.807609975
2016-04-10T22:08:59.612000,EURGBP,0.807529986,0.807789981
2016-04-10T22:08:59.906000,EURGBP,0.807489991,0.807749987
2016-04-10T22:09:00.000000,EURGBP,0.807489991,0.807749987
2016-04-10T22:09:07.503000,EURGBP,0.807479978,0.807699978
2016-04-10T22:09:07.615000,EURGBP,0.807560027,0.807789981
2016-04-10T22:09:59.834000,EURGBP,0.807479978,0.807709992
2016-04-10T22:10:01.301000,EURGBP,0.807479978,0.807709992
2016-04-10T22:10:02.958000,EURGBP,0.807479978,0.807709992
2016-04-10T22:10:26.305000,EURGBP,0.807129979,0.80734998
2016-04-10T22:10:59.899000,EURGBP,0.80746001,0.807709992
2016-04-10T22:11:00.025000,EURGBP,0.80746001,0.807709992
2016-04-10T22:11:27.493000,EURGBP,0.807380021,0.807609975
2016-04-10T22:11:51.405000,EURGBP,0.807529986,0.807749987
2016-04-10T22:11:59.976000,EURGBP,0.807500005,0.807749987
2016-04-10T22:12:00.000000,EURGBP,0.807500005,0.807749987
2016-04-10T22:12:00.106000,EURGBP,0.807500005,0.807749987
2016-04-10T22:12:50.406000,EURGBP,0.80726999,0.807519972
2016-04-10T22:12:59.978000,EURGBP,0.807330012,0.807579994
2016-04-10T22:13:00.510000,EURGBP,0.807330012,0.807569981
2016-04-10T22:13:13.017000,EURGBP,0.807319999,0.807619989
2016-04-10T22:13:51.338000,EURGBP,0.807229996,0.807479978
2016-04-10T22:13:59.900000,EURGBP,0.807250023,0.807479978
2016-04-10T22:14:00.609000,EURGBP,0.807250023,0.807479978
2016-04-10T22:14:00.609000,EURGBP,0.807250023,0.807479978
2016-04-10T22:14:59.805000,EURGBP,0.807299972,0.807550013
2016-04-10T22:14:59.913000,EURGBP,0.807299972,0.807489991
2016-04-10T22:15:00.000000,EURGBP,0.807299972,0.807489991
2016-04-10T22:15:39.523000,EURGBP,0.807299972,0.807489991
2016-04-10T22:15:54.301000,EURGBP,0.807319999,0.807569981
2016-04-10T22:15:58.348000,EURGBP,0.807319999,0.807489991
2016-04-10T22:16:00.350000,EURGBP,0.807319999,0.807489991
2016-04-10T22:16:09.901000,EURGBP,0.807319999,0.807489991
2016-04-10T22:16:44.347000,EURGBP,0.807389975,0.807569981
2016-04-10T22:16:48.364000,EURGBP,0.807380021,0.807569981
2016-04-10T22:17:00.841000,EURGBP,0.807380021,0.807569981
2016-04-10T22:17:20.293000,EURGBP,0.807389975,0.807569981
2016-04-10T22:17:40.883000,EURGBP,0.807370007,0.807560027
2016-04-10T22:17:58.882000,EURGBP,0.807380021,0.807560027
2016-04-10T22:18:01.348000,EURGBP,0.807370007,0.807560027
2016-04-10T22:18:52.660000,EURGBP,0.807399988,0.807579994
2016-04-10T22:18:58.600000,EURGBP,0.807370007,0.807560027
2016-04-10T22:18:59.299000,EURGBP,0.807370007,0.807569981
2016-04-10T22:19:00.134000,EURGBP,0.807370007,0.807560027
2016-04-10T22:19:20.450000,EURGBP,0.807380021,0.807579994
2016-04-10T22:19:51.011000,EURGBP,0.807299972,0.807489991
2016-04-10T22:19:58.546000,EURGBP,0.80734998,0.807529986
2016-04-10T22:20:01.268000,EURGBP,0.80734998,0.807529986
2016-04-10T22:20:04.266000,EURGBP,0.807399988,0.807600021
2016-04-10T22:20:39.001000,EURGBP,0.807330012,0.807510018
2016-04-10T22:20:58.521000,EURGBP,0.807359993,0.807569981
2016-04-10T22:21:00.486000,EURGBP,0.807359993,0.807569981
2016-04-10T22:21:20.858000,EURGBP,0.807370007,0.807569981
2016-04-10T22:21:59.465000,EURGBP,0.80734998,0.807569981
2016-04-10T22:22:03.621000,EURGBP,0.80734998,0.807569981
2016-04-10T22:22:04.002000,EURGBP,0.80734998,0.807569981
2016-04-10T22:22:40.500000,EURGBP,0.80746001,0.807659984
2016-04-10T22:22:54.180000,EURGBP,0.807430029,0.807609975
2016-04-10T22:23:05.226000,EURGBP,0.807430029,0.807609975
2016-04-10T22:23:11.353000,EURGBP,0.807430029,0.807609975
2016-04-10T22:23:59.903000,EURGBP,0.807319999,0.807519972
2016-04-10T22:23:59.905000,EURGBP,0.807319999,0.807529986
2016-04-10T22:24:00.000000,EURGBP,0.807319999,0.807529986
2016-04-10T22:24:18.360000,EURGBP,0.80734998,0.807569981
2016-04-10T22:24:56.839000,EURGBP,0.807330012,0.807500005
2016-04-10T22:25:00.851000,EURGBP,0.807330012,0.807500005
2016-04-10T22:25:01.306000,EURGBP,0.807330012,0.80746001
2016-04-10T22:25:59.096000,EURGBP,0.807380021,0.807550013
2016-04-10T22:26:04.117000,EURGBP,0.807380021,0.807550013
2016-04-10T22:26:35.244000,EURGBP,0.807380021,0.807550013
2016-04-10T22:27:06.143000,EURGBP,0.807380021,0.807550013
2016-04-10T22:27:18.990000,EURGBP,0.807380021,0.807550013
2016-04-10T22:27:21.973000,EURGBP,0.807330012,0.807489991
2016-04-10T22:27:56.455000,EURGBP,0.807359993,0.807479978
2016-04-10T22:28:07.582000,EURGBP,0.80734998,0.807479978
2016-04-10T22:28:20.532000,EURGBP,0.807359993,0.807479978
2016-04-10T22:28:35.108000,EURGBP,0.80726999,0.807389975
2016-04-10T22:28:54.600000,EURGBP,0.807290018,0.807410002
2016-04-10T22:29:04.651000,EURGBP,0.807290018,0.807410002
2016-04-10T22:29:18.282000,EURGBP,0.807280004,0.807410002
2016-04-10T22:29:22.167000,EURGBP,0.807319999,0.807449996
2016-04-10T22:29:56.807000,EURGBP,0.807319999,0.807439983
2016-04-10T22:30:00.018000,EURGBP,0.807319999,0.807439983
2016-04-10T22:30:48.944000,EURGBP,0.807319999,0.807439983
2016-04-10T22:30:59.629000,EURGBP,0.807319999,0.807449996
2016-04-10T22:31:00.008000,EURGBP,0.807319999,0.807449996
2016-04-10T22:31:04.241000,EURGBP,0.807319999,0.807449996
2016-04-10T22:31:54.008000,EURGBP,0.807410002,0.807519972
2016-04-10T22:31:59.194000,EURGBP,0.807389975,0.807519972
2016-04-10T22:32:00.008000,EURGBP,0.807389975,0.807519972
2016-04-10T22:32:42.802000,EURGBP,0.807299972,0.807399988
2016-04-10T22:32:59.855000,EURGBP,0.807470024,0.807579994
2016-04-10T22:32:59.997000,EURGBP,0.807470024,0.807550013
2016-04-10T22:33:00.001000,EURGBP,0.807470024,0.807550013
2016-04-10T22:33:01.006000,EURGBP,0.807430029,0.807550013
2016-04-10T22:33:03.950000,EURGBP,0.807550013,0.807600021
2016-04-10T22:33:59.800000,EURGBP,0.80746001,0.807579994
2016-04-10T22:34:00.756000,EURGBP,0.80746001,0.807579994
2016-04-10T22:34:29.785000,EURGBP,0.807529986,0.807579994
2016-04-10T22:34:46.946000,EURGBP,0.807430029,0.807539999
2016-04-10T22:34:59.805000,EURGBP,0.807449996,0.807539999
2016-04-10T22:35:00.806000,EURGBP,0.807449996,0.807539999
2016-04-10T22:35:13.505000,EURGBP,0.807439983,0.807529986
2016-04-10T22:35:27.578000,EURGBP,0.807449996,0.807550013
2016-04-10T22:35:59.828000,EURGBP,0.807449996,0.807539999
2016-04-10T22:36:01.774000,EURGBP,0.807449996,0.807539999
2016-04-10T22:36:24.235000,EURGBP,0.807439983,0.807550013
2016-04-10T22:36:57.705000,EURGBP,0.807370007,0.807510018
2016-04-10T22:36:59.904000,EURGBP,0.807410002,0.807519972
2016-04-10T22:37:00.093000,EURGBP,0.807410002,0.807519972
2016-04-10T22:37:45.535000,EURGBP,0.807420015,0.807529986
2016-04-10T22:37:59.028000,EURGBP,0.807389975,0.807500005
2016-04-10T22:38:01.369000,EURGBP,0.807389975,0.807500005
2016-04-10T22:38:05.046000,EURGBP,0.807389975,0.807489991
2016-04-10T22:38:12.584000,EURGBP,0.807439983,0.807529986
2016-04-10T22:38:57.169000,EURGBP,0.807410002,0.807519972
2016-04-10T22:39:00.179000,EURGBP,0.807410002,0.807519972
2016-04-10T22:39:46.348000,EURGBP,0.807389975,0.807510018
2016-04-10T22:39:57.876000,EURGBP,0.807420015,0.807550013
2016-04-10T22:39:58.894000,EURGBP,0.807410002,0.807529986
2016-04-10T22:40:00.011000,EURGBP,0.807410002,0.807529986
2016-04-10T22:40:42.532000,EURGBP,0.807399988,0.807510018
2016-04-10T22:40:53.668000,EURGBP,0.807410002,0.807529986
2016-04-10T22:40:59.702000,EURGBP,0.807399988,0.807519972
2016-04-10T22:41:01.117000,EURGBP,0.807410002,0.807519972
2016-04-10T22:41:36.506000,EURGBP,0.807399988,0.807500005
2016-04-10T22:41:37.801000,EURGBP,0.807430029,0.807539999
2016-04-10T22:41:59.674000,EURGBP,0.807410002,0.807519972
2016-04-10T22:42:00.303000,EURGBP,0.807410002,0.807519972
2016-04-10T22:42:04.864000,EURGBP,0.807410002,0.807529986
2016-04-10T22:42:54.849000,EURGBP,0.80726999,0.807370007
2016-04-10T22:42:59.869000,EURGBP,0.807299972,0.807410002
2016-04-10T22:43:00.004000,EURGBP,0.807290018,0.807410002
2016-04-10T22:43:03.280000,EURGBP,0.80726999,0.807380021
2016-04-10T22:43:56.832000,EURGBP,0.807330012,0.807449996
2016-04-10T22:44:09.017000,EURGBP,0.807330012,0.807449996
2016-04-10T22:44:27.733000,EURGBP,0.807299972,0.807410002
2016-04-10T22:44:42.076000,EURGBP,0.807319999,0.80746001
2016-04-10T22:44:54.950000,EURGBP,0.807299972,0.807430029
2016-04-10T22:45:01.183000,EURGBP,0.807299972,0.807430029
2016-04-10T22:45:30.135000,EURGBP,0.807259977,0.807380021
2016-04-10T22:45:57.949000,EURGBP,0.807299972,0.807439983
2016-04-10T22:45:59.033000,EURGBP,0.807299972,0.807430029
2016-04-10T22:46:02.312000,EURGBP,0.807299972,0.807420015
2016-04-10T22:46:47.075000,EURGBP,0.807309985,0.807449996
2016-04-10T22:46:59.111000,EURGBP,0.80726999,0.807380021
2016-04-10T22:47:00.308000,EURGBP,0.80726999,0.807380021
2016-04-10T22:47:18.013000,EURGBP,0.807229996,0.80734998
2016-04-10T22:47:47.795000,EURGBP,0.807319999,0.807439983
2016-04-10T22:47:57.434000,EURGBP,0.807309985,0.807430029
2016-04-10T22:48:00.794000,EURGBP,0.807309985,0.807430029
2016-04-10T22:48:53.039000,EURGBP,0.807299972,0.807430029
2016-04-10T22:48:59.062000,EURGBP,0.807309985,0.807430029
2016-04-10T22:49:00.064000,EURGBP,0.807309985,0.807430029
2016-04-10T22:49:31.936000,EURGBP,0.807319999,0.807430029
2016-04-10T22:49:45.107000,EURGBP,0.807210028,0.807330012
2016-04-10T22:49:59.532000,EURGBP,0.807259977,0.807340026
2016-04-10T22:50:00.071000,EURGBP,0.807250023,0.807340026
2016-04-10T22:50:48.193000,EURGBP,0.807259977,0.807340026
2016-04-10T22:50:49.098000,EURGBP,0.807229996,0.807319999
2016-04-10T22:50:59.832000,EURGBP,0.807240009,0.80734998
2016-04-10T22:51:00.647000,EURGBP,0.807240009,0.80734998
2016-04-10T22:51:01.875000,EURGBP,0.807200015,0.807330012
2016-04-10T22:51:57.852000,EURGBP,0.807290018,0.807399988
2016-04-10T22:51:58.599000,EURGBP,0.807280004,0.807380021
2016-04-10T22:52:00.041000,EURGBP,0.807280004,0.807380021
2016-04-10T22:52:00.048000,EURGBP,0.807280004,0.807380021
2016-04-10T22:52:31.306000,EURGBP,0.807219982,0.807319999
2016-04-10T22:52:59.590000,EURGBP,0.80726999,0.807370007
2016-04-10T22:53:01.599000,EURGBP,0.80726999,0.807370007
2016-04-10T22:53:05.865000,EURGBP,0.80726999,0.807370007
2016-04-10T22:53:23.763000,EURGBP,0.807210028,0.807309985
2016-04-10T22:53:54.737000,EURGBP,0.807259977,0.80734998
2016-04-10T22:54:00.671000,EURGBP,0.807259977,0.80734998
2016-04-10T22:54:06.700000,EURGBP,0.80726999,0.80734998
2016-04-10T22:54:27.296000,EURGBP,0.807200015,0.807229996
2016-04-10T22:54:56.543000,EURGBP,0.807250023,0.807299972
2016-04-10T22:55:00.560000,EURGBP,0.807250023,0.807299972
2016-04-10T22:55:13.649000,EURGBP,0.807210028,0.807259977
2016-04-10T22:55:57.731000,EURGBP,0.80726999,0.807370007
2016-04-10T22:55:57.732000,EURGBP,0.80726999,0.807359993
2016-04-10T22:56:00.015000,EURGBP,0.80726999,0.807359993
2016-04-10T22:56:10.230000,EURGBP,0.807290018,0.807370007
2016-04-10T22:56:59.375000,EURGBP,0.807250023,0.807359993
2016-04-10T22:57:02.085000,EURGBP,0.807250023,0.807380021
2016-04-10T22:57:21.703000,EURGBP,0.807229996,0.80734998
2016-04-10T22:57:53.739000,EURGBP,0.80726999,0.807380021
2016-04-10T22:57:56.785000,EURGBP,0.80726999,0.807370007
2016-04-10T22:58:05.081000,EURGBP,0.807259977,0.807370007
2016-04-10T22:58:16.073000,EURGBP,0.807259977,0.807370007
2016-04-10T22:58:31.604000,EURGBP,0.807290018,0.807410002
2016-04-10T22:58:59.968000,EURGBP,0.807280004,0.807399988
2016-04-10T22:59:00.525000,EURGBP,0.807280004,0.807399988
2016-04-10T22:59:15.793000,EURGBP,0.807290018,0.807420015
2016-04-10T22:59:59.841000,EURGBP,0.807280004,0.807389975
2016-04-10T23:00:00.172000,EURGBP,0.807280004,0.807389975
2016-04-10T23:00:02.648000,EURGBP,0.807280004,0.807389975
2016-04-10T23:00:59.431000,EURGBP,0.807330012,0.807439983
2016-04-10T23:01:00.091000,EURGBP,0.807330012,0.807439983
2016-04-10T23:01:00.091000,EURGBP,0.807330012,0.807439983
2016-04-10T23:01:26.739000,EURGBP,0.807299972,0.807380021
2016-04-10T23:01:59.918000,EURGBP,0.807309985,0.807420015
2016-04-10T23:02:00.016000,EURGBP,0.807309985,0.807420015
2016-04-10T23:02:25.850000,EURGBP,0.807309985,0.807430029
2016-04-10T23:02:59.616000,EURGBP,0.80726999,0.807380021
2016-04-10T23:03:03.301000,EURGBP,0.80726999,0.807380021
2016-04-10T23:03:16.520000,EURGBP,0.807250023,0.80734998
2016-04-10T23:03:47.120000,EURGBP,0.80726999,0.807380021
2016-04-10T23:03:59.389000,EURGBP,0.80726999,0.807370007
2016-04-10T23:04:00.704000,EURGBP,0.80726999,0.807370007
2016-04-10T23:04:33.882000,EURGBP,0.807280004,0.807370007
2016-04-10T23:04:57.953000,EURGBP,0.807259977,0.80734998
2016-04-10T23:04:59.790000,EURGBP,0.807259977,0.807370007
2016-04-10T23:05:00.218000,EURGBP,0.807259977,0.807359993
2016-04-10T23:05:07.849000,EURGBP,0.807259977,0.80734998
2016-04-10T23:05:56.785000,EURGBP,0.807330012,0.807439983
2016-04-10T23:06:00.271000,EURGBP,0.807330012,0.807439983
2016-04-10T23:06:18.248000,EURGBP,0.807330012,0.807439983
2016-04-10T23:06:51.801000,EURGBP,0.80726999,0.807370007
2016-04-10T23:06:59.904000,EURGBP,0.807290018,0.807410002
2016-04-10T23:07:00.014000,EURGBP,0.807290018,0.807410002
2016-04-10T23:07:07.155000,EURGBP,0.80726999,0.807380021
2016-04-10T23:07:37.490000,EURGBP,0.807290018,0.807410002
2016-04-10T23:07:59.179000,EURGBP,0.807290018,0.807389975
2016-04-10T23:08:00.184000,EURGBP,0.807290018,0.807389975
2016-04-10T23:08:29.367000,EURGBP,0.80726999,0.80734998
2016-04-10T23:08:35.771000,EURGBP,0.807319999,0.807399988
2016-04-10T23:08:57.725000,EURGBP,0.807309985,0.807389975
2016-04-10T23:09:00.480000,EURGBP,0.807309985,0.807399988
2016-04-10T23:09:06.841000,EURGBP,0.807309985,0.807380021
2016-04-10T23:09:59.692000,EURGBP,0.807399988,0.807500005
2016-04-10T23:09:59.835000,EURGBP,0.807399988,0.807489991
2016-04-10T23:10:00.619000,EURGBP,0.807399988,0.807489991
2016-04-10T23:10:00.758000,EURGBP,0.807399988,0.807479978
2016-04-10T23:10:52.580000,EURGBP,0.807550013,0.807640016
2016-04-10T23:10:59.477000,EURGBP,0.807560027,0.807609975
2016-04-10T23:11:00.162000,EURGBP,0.807560027,0.807609975
2016-04-10T23:11:06.851000,EURGBP,0.807560027,0.807609975
2016-04-10T23:11:26.779000,EURGBP,0.807519972,0.807590008
2016-04-10T23:11:59.404000,EURGBP,0.807539999,0.807609975
2016-04-10T23:12:01.137000,EURGBP,0.807539999,0.807609975
2016-04-10T23:12:33.732000,EURGBP,0.807539999,0.807609975
2016-04-10T23:12:53.375000,EURGBP,0.807560027,0.807609975
2016-04-10T23:12:59.559000,EURGBP,0.807550013,0.807609975
2016-04-10T23:13:00.071000,EURGBP,0.807550013,0.807609975
2016-04-10T23:13:00.672000,EURGBP,0.807550013,0.807609975
2016-04-10T23:13:28.126000,EURGBP,0.807619989,0.807690024
2016-04-10T23:13:58.074000,EURGBP,0.807609975,0.807680011
2016-04-10T23:14:03.077000,EURGBP,0.807609975,0.807680011
2016-04-10T23:14:11.551000,EURGBP,0.807600021,0.807669997
2016-04-10T23:14:40.275000,EURGBP,0.807640016,0.807709992
2016-04-10T23:14:59.130000,EURGBP,0.807619989,0.807690024
2016-04-10T23:15:00.136000,EURGBP,0.807619989,0.807690024
2016-04-10T23:15:38.161000,EURGBP,0.807609975,0.807680011
2016-04-10T23:15:40.046000,EURGBP,0.807630002,0.807699978
2016-04-10T23:15:59.768000,EURGBP,0.807619989,0.807699978
2016-04-10T23:16:00.007000,EURGBP,0.807609975,0.807699978
2016-04-10T23:16:01.283000,EURGBP,0.807609975,0.807699978
2016-04-10T23:16:40.080000,EURGBP,0.807600021,0.807659984
2016-04-10T23:16:57.109000,EURGBP,0.807600021,0.807669997
2016-04-10T23:17:00.119000,EURGBP,0.807600021,0.807669997
2016-04-10T23:17:55.750000,EURGBP,0.807579994,0.807669997
2016-04-10T23:17:57.476000,EURGBP,0.807619989,0.807690024
2016-04-10T23:17:58.039000,EURGBP,0.807579994,0.807690024
2016-04-10T23:18:00.017000,EURGBP,0.807579994,0.807690024
2016-04-10T23:18:11.901000,EURGBP,0.807619989,0.807699978
2016-04-10T23:18:59.665000,EURGBP,0.807439983,0.807560027
2016-04-10T23:19:00.534000,EURGBP,0.807449996,0.807560027
2016-04-10T23:19:09.513000,EURGBP,0.80746001,0.807569981
2016-04-10T23:19:53.308000,EURGBP,0.807330012,0.807430029
2016-04-10T23:19:57.322000,EURGBP,0.807340026,0.807430029
2016-04-10T23:20:00.011000,EURGBP,0.807340026,0.807430029
2016-04-10T23:20:14.051000,EURGBP,0.807280004,0.807370007
2016-04-10T23:20:46.490000,EURGBP,0.807430029,0.807539999
2016-04-10T23:20:56.085000,EURGBP,0.807420015,0.807519972
2016-04-10T23:21:00.399000,EURGBP,0.807420015,0.807519972
2016-04-10T23:21:05.171000,EURGBP,0.807430029,0.807539999
2016-04-10T23:21:58.985000,EURGBP,0.807410002,0.807510018
2016-04-10T23:21:59.387000,EURGBP,0.807410002,0.807519972
2016-04-10T23:22:05.249000,EURGBP,0.807410002,0.807519972
2016-04-10T23:22:16.785000,EURGBP,0.807399988,0.807500005
2016-04-10T23:22:51.455000,EURGBP,0.807430029,0.807529986
2016-04-10T23:22:56.831000,EURGBP,0.807430029,0.807519972
2016-04-10T23:23:00.669000,EURGBP,0.807430029,0.807519972
2016-04-10T23:23:17.030000,EURGBP,0.807470024,0.807560027
2016-04-10T23:23:59.824000,EURGBP,0.807389975,0.807489991
2016-04-10T23:24:01.493000,EURGBP,0.807389975,0.807489991
2016-04-10T23:24:25.423000,EURGBP,0.807399988,0.807500005
2016-04-10T23:24:55.078000,EURGBP,0.807380021,0.807470024
2016-04-10T23:24:59.402000,EURGBP,0.807380021,0.807479978
2016-04-10T23:25:00.376000,EURGBP,0.807380021,0.807479978
2016-04-10T23:25:02.637000,EURGBP,0.807380021,0.807479978
2016-04-10T23:25:18.956000,EURGBP,0.807280004,0.807370007
2016-04-10T23:25:59.412000,EURGBP,0.807299972,0.807410002
2016-04-10T23:26:03.433000,EURGBP,0.807299972,0.807410002
2016-04-10T23:26:10.800000,EURGBP,0.807340026,0.807439983
2016-04-10T23:26:59.522000,EURGBP,0.807290018,0.807389975
2016-04-10T23:27:00.597000,EURGBP,0.807290018,0.807389975
2016-04-10T23:27:22.349000,EURGBP,0.807299972,0.807410002
2016-04-10T23:27:48.522000,EURGBP,0.807290018,0.807389975
2016-04-10T23:28:00.438000,EURGBP,0.807290018,0.807399988
2016-04-10T23:28:36.502000,EURGBP,0.80726999,0.807380021
2016-04-10T23:28:41.909000,EURGBP,0.807290018,0.807410002
2016-04-10T23:28:56.289000,EURGBP,0.807290018,0.807389975
2016-04-10T23:29:01.629000,EURGBP,0.807290018,0.807389975
2016-04-10T23:29:01.789000,EURGBP,0.807290018,0.807389975
2016-04-10T23:29:46.314000,EURGBP,0.807250023,0.807359993
2016-04-10T23:29:59.398000,EURGBP,0.807250023,0.807370007
2016-04-10T23:30:00.036000,EURGBP,0.807250023,0.807370007
2016-04-10T23:30:04.890000,EURGBP,0.807340026,0.807449996
2016-04-10T23:30:27.350000,EURGBP,0.807259977,0.807359993
2016-04-10T23:30:59.603000,EURGBP,0.807280004,0.807370007
2016-04-10T23:31:00.607000,EURGBP,0.807280004,0.807370007
2016-04-10T23:31:20.012000,EURGBP,0.807299972,0.807380021
2016-04-10T23:31:54.218000,EURGBP,0.807250023,0.807319999
2016-04-10T23:32:00.156000,EURGBP,0.807250023,0.807319999
2016-04-10T23:32:34.505000,EURGBP,0.807219982,0.807299972
2016-04-10T23:32:56.825000,EURGBP,0.807250023,0.80734998
2016-04-10T23:32:59.850000,EURGBP,0.807250023,0.807330012
2016-04-10T23:33:01.615000,EURGBP,0.807250023,0.807330012
2016-04-10T23:33:01.615000,EURGBP,0.807250023,0.807330012
2016-04-10T23:33:59.008000,EURGBP,0.807250023,0.807319999
2016-04-10T23:34:00.869000,EURGBP,0.807250023,0.807319999
2016-04-10T23:34:06.767000,EURGBP,0.807259977,0.807340026
2016-04-10T23:34:39.978000,EURGBP,0.807240009,0.807309985
2016-04-10T23:34:59.837000,EURGBP,0.807250023,0.807330012
2016-04-10T23:35:00.841000,EURGBP,0.807250023,0.807330012
2016-04-10T23:35:04.785000,EURGBP,0.807250023,0.807309985
2016-04-10T23:35:40.682000,EURGBP,0.807280004,0.80734998
2016-04-10T23:35:59.752000,EURGBP,0.80726999,0.80734998
2016-04-10T23:36:00.755000,EURGBP,0.80726999,0.80734998
2016-04-10T23:36:48.236000,EURGBP,0.807280004,0.807359993
2016-04-10T23:36:58.552000,EURGBP,0.80726999,0.80734998
2016-04-10T23:36:59.650000,EURGBP,0.80726999,0.807359993
2016-04-10T23:37:00.600000,EURGBP,0.807280004,0.807359993
2016-04-10T23:37:55.300000,EURGBP,0.807290018,0.807370007
2016-04-10T23:37:59.512000,EURGBP,0.80726999,0.80734998
2016-04-10T23:37:59.604000,EURGBP,0.807280004,0.807359993
2016-04-10T23:38:00.374000,EURGBP,0.807280004,0.807359993
2016-04-10T23:38:49.814000,EURGBP,0.807309985,0.807389975
2016-04-10T23:38:51.302000,EURGBP,0.807169974,0.807250023
2016-04-10T23:38:59.847000,EURGBP,0.807190001,0.807259977
2016-04-10T23:39:00.001000,EURGBP,0.807190001,0.807259977
2016-04-10T23:39:06.235000,EURGBP,0.807259977,0.807330012
2016-04-10T23:39:59.338000,EURGBP,0.807179987,0.807259977
2016-04-10T23:40:00.346000,EURGBP,0.807179987,0.807259977
2016-04-10T23:40:02.785000,EURGBP,0.807190001,0.80726999
2016-04-10T23:40:30.723000,EURGBP,0.807179987,0.807250023
2016-04-10T23:40:59.180000,EURGBP,0.807190001,0.807259977
2016-04-10T23:41:00.999000,EURGBP,0.807190001,0.807259977
2016-04-10T23:41:03.706000,EURGBP,0.807190001,0.807259977
2016-04-10T23:41:03.965000,EURGBP,0.807229996,0.807299972
2016-04-10T23:41:55.007000,EURGBP,0.807200015,0.807280004
2016-04-10T23:42:01.355000,EURGBP,0.807210028,0.807280004
2016-04-10T23:42:11.642000,EURGBP,0.807210028,0.807280004
2016-04-10T23:42:51.836000,EURGBP,0.807169974,0.807240009
2016-04-10T23:42:57.573000,EURGBP,0.807190001,0.80726999
2016-04-10T23:43:00.203000,EURGBP,0.807190001,0.80726999
2016-04-10T23:43:14.166000,EURGBP,0.807229996,0.807309985
2016-04-10T23:43:59.751000,EURGBP,0.807190001,0.807240009
2016-04-10T23:44:00.395000,EURGBP,0.807190001,0.807240009
2016-04-10T23:44:09.700000,EURGBP,0.807190001,0.807229996
2016-04-10T23:44:39.882000,EURGBP,0.807210028,0.807280004
2016-04-10T23:44:59.406000,EURGBP,0.807210028,0.807259977
2016-04-10T23:45:01.223000,EURGBP,0.807210028,0.807259977
2016-04-10T23:45:29.864000,EURGBP,0.807210028,0.80726999
2016-04-10T23:45:56.678000,EURGBP,0.807089984,0.80716002
2016-04-10T23:45:59.167000,EURGBP,0.807139993,0.807210028
2016-04-10T23:46:00.592000,EURGBP,0.807139993,0.807210028
2016-04-10T23:46:01.630000,EURGBP,0.80716002,0.807219982
2016-04-10T23:46:20.494000,EURGBP,0.807030022,0.807099998
2016-04-10T23:46:58.830000,EURGBP,0.807070017,0.807139993
2016-04-10T23:47:00.301000,EURGBP,0.807070017,0.807139993
2016-04-10T23:47:02.788000,EURGBP,0.807070017,0.807139993
2016-04-10T23:47:59.740000,EURGBP,0.807089984,0.807139993
2016-04-10T23:48:00.470000,EURGBP,0.807089984,0.807139993
2016-04-10T23:48:29.199000,EURGBP,0.807110012,0.80716002
2016-04-10T23:48:34.690000,EURGBP,0.807079971,0.807139993
2016-04-10T23:48:59.867000,EURGBP,0.807099998,0.807150006
2016-04-10T23:49:00.100000,EURGBP,0.807099998,0.807150006
2016-04-10T23:49:13.575000,EURGBP,0.807099998,0.807150006
2016-04-10T23:49:52.305000,EURGBP,0.807120025,0.807169974
2016-04-10T23:49:57.318000,EURGBP,0.807120025,0.80716002
2016-04-10T23:50:00.332000,EURGBP,0.807120025,0.80716002
2016-04-10T23:50:02.978000,EURGBP,0.807089984,0.80716002
2016-04-10T23:50:58.202000,EURGBP,0.807179987,0.807240009
2016-04-10T23:51:00.550000,EURGBP,0.807179987,0.807240009
2016-04-10T23:51:36.539000,EURGBP,0.807169974,0.807229996
2016-04-10T23:51:59.777000,EURGBP,0.807210028,0.80726999
2016-04-10T23:52:00.049000,EURGBP,0.807210028,0.80726999
2016-04-10T23:52:03.674000,EURGBP,0.807229996,0.807290018
2016-04-10T23:52:59.965000,EURGBP,0.80704999,0.807129979
2016-04-10T23:53:00.001000,EURGBP,0.80704999,0.807129979
2016-04-10T23:53:16.282000,EURGBP,0.807079971,0.807150006
2016-04-10T23:53:59.466000,EURGBP,0.80697,0.807060003
2016-04-10T23:53:59.978000,EURGBP,0.806990027,0.807060003
2016-04-10T23:54:00.031000,EURGBP,0.806990027,0.807060003
2016-04-10T23:54:01.485000,EURGBP,0.806990027,0.807060003
2016-04-10T23:54:15.321000,EURGBP,0.80704999,0.807120025
2016-04-10T23:54:59.430000,EURGBP,0.806999981,0.807079971
2016-04-10T23:55:00.485000,EURGBP,0.806999981,0.807079971
2016-04-10T23:55:42.314000,EURGBP,0.806990027,0.807039976
2016-04-10T23:55:56.209000,EURGBP,0.807039976,0.807120025
2016-04-10T23:55:59.224000,EURGBP,0.807039976,0.807110012
2016-04-10T23:56:00.432000,EURGBP,0.80704999,0.807110012
2016-04-10T23:56:07.537000,EURGBP,0.807039976,0.807110012
2016-04-10T23:56:53.340000,EURGBP,0.807079971,0.80716002
2016-04-10T23:56:59.807000,EURGBP,0.807070017,0.807139993
2016-04-10T23:57:00.212000,EURGBP,0.807070017,0.807139993
2016-04-10T23:57:00.472000,EURGBP,0.807070017,0.807139993
2016-04-10T23:57:57.122000,EURGBP,0.806999981,0.807070017
2016-04-10T23:58:00.036000,EURGBP,0.806999981,0.807070017
2016-04-10T23:58:00.036000,EURGBP,0.806999981,0.807070017
2016-04-10T23:58:22.271000,EURGBP,0.80716002,0.807250023
2016-04-10T23:58:59.710000,EURGBP,0.807070017,0.80716002
2016-04-10T23:59:00.020000,EURGBP,0.807070017,0.80716002
2016-04-10T23:59:10.830000,EURGBP,0.807039976,0.807120025
2016-04-10T23:59:58.052000,EURGBP,0.807099998,0.807210028
2016-04-10T23:59:59.905000,EURGBP,0.807070017,0.807179987
2016-04-11T00:00:00.023000,EURGBP,0.807070017,0.807179987
2016-04-11T00:00:00.100000,EURGBP,0.807070017,0.807179987
2016-04-11T00:01:21.965000,EURGBP,0.807060003,0.80716002
2016-04-11T00:01:24.146000,EURGBP,0.807060003,0.807150006
2016-04-11T00:01:47.617000,EURGBP,0.80716002,0.807229996
2016-04-11T00:01:59.917000,EURGBP,0.807089984,0.807190001
2016-04-11T00:02:00.022000,EURGBP,0.807089984,0.807190001
2016-04-11T00:02:00.036000,EURGBP,0.807089984,0.807190001
2016-04-11T00:02:47.732000,EURGBP,0.807039976,0.807110012
2016-04-11T00:02:59.920000,EURGBP,0.807070017,0.807169974
2016-04-11T00:03:00.007000,EURGBP,0.807079971,0.807169974
2016-04-11T00:03:10.939000,EURGBP,0.807139993,0.807250023
2016-04-11T00:03:51.654000,EURGBP,0.807060003,0.807150006
2016-04-11T00:03:59.728000,EURGBP,0.807060003,0.80716002
2016-04-11T00:04:00.730000,EURGBP,0.807060003,0.80716002
2016-04-11T00:04:14.186000,EURGBP,0.806999981,0.807099998
2016-04-11T00:04:34.363000,EURGBP,0.807060003,0.807169974
2016-04-11T00:04:59.948000,EURGBP,0.807030022,0.807129979
2016-04-11T00:05:00.042000,EURGBP,0.807030022,0.807120025
2016-04-11T00:05:07.006000,EURGBP,0.807070017,0.807179987
2016-04-11T00:05:59.391000,EURGBP,0.807009995,0.807099998
2016-04-11T00:06:00.236000,EURGBP,0.807009995,0.807099998
2016-04-11T00:06:12.119000,EURGBP,0.807070017,0.807179987
2016-04-11T00:06:55.661000,EURGBP,0.806980014,0.807089984
2016-04-11T00:06:59.061000,EURGBP,0.806999981,0.807089984
2016-04-11T00:07:00.057000,EURGBP,0.806990027,0.807089984
2016-04-11T00:07:01.446000,EURGBP,0.806980014,0.807079971
2016-04-11T00:07:58.377000,EURGBP,0.807099998,0.807190001
2016-04-11T00:07:59.962000,EURGBP,0.807079971,0.807190001
2016-04-11T00:08:00.000000,EURGBP,0.807079971,0.807190001
2016-04-11T00:08:15.572000,EURGBP,0.807120025,0.807219982
2016-04-11T00:08:18.179000,EURGBP,0.807030022,0.807099998
2016-04-11T00:08:59.737000,EURGBP,0.807060003,0.80716002
2016-04-11T00:09:00.604000,EURGBP,0.807060003,0.80716002
2016-04-11T00:09:02.769000,EURGBP,0.807060003,0.80716002
2016-04-11T00:09:54.608000,EURGBP,0.807150006,0.807250023
2016-04-11T00:09:59.263000,EURGBP,0.807129979,0.807219982
2016-04-11T00:10:00.928000,EURGBP,0.807129979,0.807219982
2016-04-11T00:10:23.778000,EURGBP,0.807079971,0.80716002
2016-04-11T00:10:49.562000,EURGBP,0.807179987,0.807280004
2016-04-11T00:10:59.534000,EURGBP,0.807169974,0.80726999
2016-04-11T00:11:00.040000,EURGBP,0.807169974,0.80726999
2016-04-11T00:11:22.901000,EURGBP,0.807190001,0.807280004
2016-04-11T00:11:50.375000,EURGBP,0.807079971,0.807179987
2016-04-11T00:11:59.216000,EURGBP,0.807129979,0.807229996
2016-04-11T00:12:01.430000,EURGBP,0.807129979,0.807219982
2016-04-11T00:12:04.440000,EURGBP,0.807129979,0.807229996
2016-04-11T00:12:50.747000,EURGBP,0.80704999,0.807120025
2016-04-11T00:12:59.933000,EURGBP,0.807060003,0.807150006
2016-04-11T00:13:00.041000,EURGBP,0.807060003,0.807150006
2016-04-11T00:13:17.938000,EURGBP,0.807070017,0.807150006
2016-04-11T00:13:26.001000,EURGBP,0.806990027,0.807070017
2016-04-11T00:13:59.258000,EURGBP,0.806999981,0.807089984
2016-04-11T00:14:01.980000,EURGBP,0.806999981,0.807089984
2016-04-11T00:14:08.650000,EURGBP,0.807020009,0.807110012
2016-04-11T00:14:58.684000,EURGBP,0.806900024,0.806990027
2016-04-11T00:14:59.207000,EURGBP,0.806900024,0.806999981
2016-04-11T00:15:00.157000,EURGBP,0.806909978,0.806999981
2016-04-11T00:15:10.100000,EURGBP,0.806909978,0.806990027
2016-04-11T00:15:32.115000,EURGBP,0.806990027,0.807070017
2016-04-11T00:16:00.568000,EURGBP,0.806949973,0.807030022
2016-04-11T00:15:59.357000,EURGBP,0.806949973,0.807030022
2016-04-11T00:16:04.118000,EURGBP,0.806949973,0.807030022
2016-04-11T00:16:55.844000,EURGBP,0.807060003,0.807139993
2016-04-11T00:16:59.882000,EURGBP,0.80704999,0.807139993
2016-04-11T00:17:00.345000,EURGBP,0.80704999,0.807139993
2016-04-11T00:17:13.327000,EURGBP,0.80704999,0.807139993
2016-04-11T00:17:57.906000,EURGBP,0.806999981,0.807070017
2016-04-11T00:17:59.104000,EURGBP,0.806999981,0.807079971
2016-04-11T00:18:00.786000,EURGBP,0.806999981,0.807079971
2016-04-11T00:18:08.310000,EURGBP,0.806980014,0.807060003
2016-04-11T00:18:51.152000,EURGBP,0.80704999,0.807120025
2016-04-11T00:18:58.420000,EURGBP,0.807020009,0.807089984
2016-04-11T00:19:00.250000,EURGBP,0.807020009,0.807089984
2016-04-11T00:19:00.430000,EURGBP,0.807020009,0.807089984
2016-04-11T00:19:48.669000,EURGBP,0.807060003,0.807129979
2016-04-11T00:19:59.346000,EURGBP,0.807030022,0.807110012
2016-04-11T00:20:00.273000,EURGBP,0.807030022,0.807110012
2016-04-11T00:20:34.461000,EURGBP,0.807030022,0.807110012
2016-04-11T00:20:54.347000,EURGBP,0.807110012,0.807150006
2016-04-11T00:20:59.418000,EURGBP,0.807079971,0.807150006
2016-04-11T00:21:00.419000,EURGBP,0.807079971,0.807150006
2016-04-11T00:21:51.029000,EURGBP,0.807070017,0.807139993
2016-04-11T00:21:57.893000,EURGBP,0.807150006,0.807200015
2016-04-11T00:21:59.808000,EURGBP,0.807139993,0.807190001
2016-04-11T00:22:00.317000,EURGBP,0.807139993,0.807190001
2016-04-11T00:22:07.069000,EURGBP,0.807120025,0.807190001
2016-04-11T00:22:33.868000,EURGBP,0.807219982,0.807290018
2016-04-11T00:22:57.779000,EURGBP,0.807190001,0.80726999
2016-04-11T00:23:00.213000,EURGBP,0.807190001,0.80726999
2016-04-11T00:23:40.086000,EURGBP,0.807229996,0.807290018
2016-04-11T00:23:56.531000,EURGBP,0.807169974,0.807259977
2016-04-11T00:23:59.600000,EURGBP,0.807200015,0.80726999
2016-04-11T00:24:00.144000,EURGBP,0.807200015,0.80726999
2016-04-11T00:24:03.347000,EURGBP,0.807200015,0.80726999
2016-04-11T00:24:31.994000,EURGBP,0.807290018,0.807309985
2016-04-11T00:24:57.892000,EURGBP,0.807250023,0.807309985
2016-04-11T00:25:00.054000,EURGBP,0.807250023,0.807309985
2016-04-11T00:25:27.371000,EURGBP,0.807179987,0.807250023
2016-04-11T00:25:59.900000,EURGBP,0.807290018,0.807309985
2016-04-11T00:26:00.092000,EURGBP,0.807290018,0.807309985
2016-04-11T00:26:01.124000,EURGBP,0.80726999,0.807309985
2016-04-11T00:26:05.915000,EURGBP,0.80734998,0.807399988
2016-04-11T00:26:59.060000,EURGBP,0.807280004,0.80734998
2016-04-11T00:27:00.066000,EURGBP,0.807280004,0.80734998
2016-04-11T00:27:04.304000,EURGBP,0.80726999,0.807359993
2016-04-11T00:27:57.071000,EURGBP,0.807169974,0.807250023
2016-04-11T00:27:59.432000,EURGBP,0.807179987,0.807259977
2016-04-11T00:28:00.148000,EURGBP,0.807169974,0.807259977
2016-04-11T00:28:35.928000,EURGBP,0.807139993,0.807200015
2016-04-11T00:28:59.458000,EURGBP,0.807210028,0.807290018
2016-04-11T00:29:01.307000,EURGBP,0.807210028,0.807290018
2016-04-11T00:29:09.522000,EURGBP,0.807240009,0.807309985
2016-04-11T00:29:36.971000,EURGBP,0.807200015,0.80726999
2016-04-11T00:29:59.390000,EURGBP,0.807210028,0.807290018
2016-04-11T00:30:00.676000,EURGBP,0.807210028,0.807290018
2016-04-11T00:30:27.407000,EURGBP,0.807210028,0.807290018
2016-04-11T00:30:45.550000,EURGBP,0.807110012,0.807179987
2016-04-11T00:30:58.660000,EURGBP,0.807110012,0.807190001
2016-04-11T00:31:00.211000,EURGBP,0.807120025,0.807190001
2016-04-11T00:31:01.789000,EURGBP,0.807110012,0.807190001
2016-04-11T00:31:59.962000,EURGBP,0.807150006,0.807240009
2016-04-11T00:32:00.554000,EURGBP,0.807150006,0.807240009
2016-04-11T00:32:51.674000,EURGBP,0.807150006,0.807229996
2016-04-11T00:32:54.765000,EURGBP,0.807179987,0.807259977
2016-04-11T00:32:59.822000,EURGBP,0.80716002,0.807250023
2016-04-11T00:33:00.828000,EURGBP,0.80716002,0.807250023
2016-04-11T00:33:09.662000,EURGBP,0.807190001,0.807250023
2016-04-11T00:33:50.053000,EURGBP,0.807150006,0.807219982
2016-04-11T00:33:58.569000,EURGBP,0.807150006,0.807240009
2016-04-11T00:34:00.575000,EURGBP,0.807150006,0.807240009
2016-04-11T00:34:01.674000,EURGBP,0.807150006,0.807240009
2016-04-11T00:34:59.832000,EURGBP,0.807089984,0.807169974
2016-04-11T00:35:00.211000,EURGBP,0.807089984,0.807169974
2016-04-11T00:35:00.504000,EURGBP,0.807089984,0.807169974
2016-04-11T00:35:29.079000,EURGBP,0.807200015,0.807259977
2016-04-11T00:35:58.345000,EURGBP,0.807150006,0.807190001
2016-04-11T00:36:00.434000,EURGBP,0.807150006,0.807200015
2016-04-11T00:36:57.101000,EURGBP,0.80716002,0.807240009
2016-04-11T00:36:59.802000,EURGBP,0.807139993,0.807210028
2016-04-11T00:37:00.007000,EURGBP,0.807139993,0.807210028
2016-04-11T00:37:23.172000,EURGBP,0.807139993,0.807200015
2016-04-11T00:37:59.254000,EURGBP,0.80716002,0.807240009
2016-04-11T00:37:59.992000,EURGBP,0.807150006,0.807210028
2016-04-11T00:38:00.546000,EURGBP,0.807150006,0.807210028
2016-04-11T00:38:00.762000,EURGBP,0.807150006,0.807210028
2016-04-11T00:38:50.242000,EURGBP,0.807299972,0.807380021
2016-04-11T00:38:59.723000,EURGBP,0.807299972,0.80734998
2016-04-11T00:39:00.000000,EURGBP,0.807299972,0.80734998
2016-04-11T00:39:01.501000,EURGBP,0.807319999,0.807380021
2016-04-11T00:39:25.649000,EURGBP,0.807259977,0.807319999
2016-04-11T00:39:58.827000,EURGBP,0.807299972,0.807370007
2016-04-11T00:40:00.831000,EURGBP,0.807299972,0.807370007
2016-04-11T00:40:05.847000,EURGBP,0.807309985,0.807389975
2016-04-11T00:40:46.642000,EURGBP,0.807250023,0.807290018
2016-04-11T00:40:58.902000,EURGBP,0.807250023,0.807309985
2016-04-11T00:41:01.890000,EURGBP,0.807250023,0.807309985
2016-04-11T00:41:31.546000,EURGBP,0.807219982,0.807290018
2016-04-11T00:41:56.152000,EURGBP,0.807330012,0.807380021
2016-04-11T00:41:59.900000,EURGBP,0.807309985,0.807359993
2016-04-11T00:42:00.844000,EURGBP,0.807309985,0.807359993
2016-04-11T00:42:02.747000,EURGBP,0.807299972,0.80734998
2016-04-11T00:42:25.419000,EURGBP,0.807420015,0.807500005
2016-04-11T00:42:59.195000,EURGBP,0.807389975,0.80746001
2016-04-11T00:43:00.197000,EURGBP,0.807389975,0.80746001
2016-04-11T00:43:52.157000,EURGBP,0.807430029,0.807500005
2016-04-11T00:43:59.720000,EURGBP,0.807340026,0.807420015
2016-04-11T00:44:00.732000,EURGBP,0.807340026,0.807420015
2016-04-11T00:44:01.180000,EURGBP,0.807359993,0.807439983
2016-04-11T00:44:49.453000,EURGBP,0.807250023,0.807319999
2016-04-11T00:44:59.888000,EURGBP,0.807280004,0.80734998
2016-04-11T00:45:00.190000,EURGBP,0.80726999,0.80734998
2016-04-11T00:45:16.030000,EURGBP,0.807290018,0.807370007
2016-04-11T00:45:55.125000,EURGBP,0.807179987,0.807229996
2016-04-11T00:45:58.649000,EURGBP,0.807179987,0.807240009
2016-04-11T00:46:00.048000,EURGBP,0.807179987,0.807240009
2016-04-11T00:46:03.197000,EURGBP,0.807179987,0.807240009
2016-04-11T00:46:50.420000,EURGBP,0.807240009,0.807330012
2016-04-11T00:46:57.446000,EURGBP,0.807240009,0.807319999
2016-04-11T00:47:00.033000,EURGBP,0.807240009,0.807319999
2016-04-11T00:47:08.683000,EURGBP,0.807219982,0.807299972
2016-04-11T00:47:59.938000,EURGBP,0.807399988,0.807479978
2016-04-11T00:48:00.044000,EURGBP,0.807399988,0.807470024
2016-04-11T00:48:00.852000,EURGBP,0.807389975,0.807470024
2016-04-11T00:48:59.426000,EURGBP,0.807550013,0.807630002
2016-04-11T00:49:00.735000,EURGBP,0.807550013,0.807630002
2016-04-11T00:49:20.079000,EURGBP,0.807519972,0.807600021
2016-04-11T00:49:49.411000,EURGBP,0.807579994,0.80765003
2016-04-11T00:49:59.701000,EURGBP,0.807560027,0.807640016
2016-04-11T00:50:00.203000,EURGBP,0.807560027,0.807640016
2016-04-11T00:50:09.512000,EURGBP,0.807560027,0.807640016
2016-04-11T00:50:37.143000,EURGBP,0.807609975,0.807699978
2016-04-11T00:50:59.703000,EURGBP,0.807600021,0.807680011
2016-04-11T00:51:00.035000,EURGBP,0.807600021,0.807680011
2016-04-11T00:51:16.536000,EURGBP,0.807600021,0.807680011
2016-04-11T00:51:36.785000,EURGBP,0.807489991,0.807579994
2016-04-11T00:51:57.696000,EURGBP,0.807560027,0.80765003
2016-04-11T00:52:00.821000,EURGBP,0.807560027,0.80765003
2016-04-11T00:52:26.892000,EURGBP,0.807659984,0.807739973
2016-04-11T00:52:53.108000,EURGBP,0.807560027,0.807640016
2016-04-11T00:52:59.557000,EURGBP,0.807579994,0.807669997
2016-04-11T00:53:00.379000,EURGBP,0.807590008,0.807669997
2016-04-11T00:53:08.907000,EURGBP,0.807590008,0.807680011
2016-04-11T00:53:59.577000,EURGBP,0.807560027,0.807640016
2016-04-11T00:54:01.585000,EURGBP,0.807560027,0.807640016
2016-04-11T00:54:02.421000,EURGBP,0.807560027,0.807640016
2016-04-11T00:54:45.532000,EURGBP,0.807280004,0.807380021
2016-04-11T00:54:59.926000,EURGBP,0.807370007,0.807470024
2016-04-11T00:55:00.002000,EURGBP,0.807370007,0.807470024
2016-04-11T00:55:07.300000,EURGBP,0.807479978,0.807529986
2016-04-11T00:55:54.044000,EURGBP,0.807319999,0.807410002
2016-04-11T00:55:59.607000,EURGBP,0.807370007,0.80746001
2016-04-11T00:56:00.504000,EURGBP,0.807370007,0.80746001
2016-04-11T00:56:02.600000,EURGBP,0.807370007,0.80746001
2016-04-11T00:56:50.964000,EURGBP,0.80726999,0.807359993
2016-04-11T00:56:59.675000,EURGBP,0.807280004,0.807370007
2016-04-11T00:57:00.172000,EURGBP,0.807280004,0.807370007
2016-04-11T00:57:45.184000,EURGBP,0.807309985,0.807399988
2016-04-11T00:57:57.101000,EURGBP,0.80726999,0.807359993
2016-04-11T00:57:59.952000,EURGBP,0.807280004,0.807370007
2016-04-11T00:58:00.100000,EURGBP,0.807280004,0.807370007
2016-04-11T00:58:00.701000,EURGBP,0.807299972,0.807380021
2016-04-11T00:58:54.192000,EURGBP,0.807259977,0.807340026
2016-04-11T00:58:59.253000,EURGBP,0.807280004,0.807370007
2016-04-11T00:59:00.170000,EURGBP,0.807280004,0.807370007
2016-04-11T00:59:08.461000,EURGBP,0.807280004,0.807370007
2016-04-11T00:59:54.459000,EURGBP,0.807110012,0.807190001
2016-04-11T00:59:59.734000,EURGBP,0.807120025,0.807190001
2016-04-11T01:00:00.212000,EURGBP,0.807120025,0.807190001
2016-04-11T01:00:33.051000,EURGBP,0.807110012,0.807179987
2016-04-11T01:00:52.002000,EURGBP,0.807280004,0.807340026
2016-04-11T01:00:59.916000,EURGBP,0.80726999,0.807340026
2016-04-11T01:01:00.028000,EURGBP,0.80726999,0.807340026
2016-04-11T01:01:02.300000,EURGBP,0.807259977,0.807330012
2016-04-11T01:01:28.325000,EURGBP,0.807330012,0.807410002
2016-04-11T01:01:59.949000,EURGBP,0.807299972,0.807380021
2016-04-11T01:02:00.209000,EURGBP,0.807299972,0.807380021
2016-04-11T01:02:02.435000,EURGBP,0.807299972,0.807380021
2016-04-11T01:02:52.300000,EURGBP,0.80765003,0.807709992
2016-04-11T01:02:59.757000,EURGBP,0.807590008,0.807669997
2016-04-11T01:03:00.061000,EURGBP,0.807590008,0.807669997
2016-04-11T01:03:02.050000,EURGBP,0.807590008,0.807669997
2016-04-11T01:03:50.929000,EURGBP,0.807399988,0.807500005
2016-04-11T01:03:59.957000,EURGBP,0.807410002,0.807500005
2016-04-11T01:04:00.009000,EURGBP,0.807410002,0.807500005
2016-04-11T01:04:00.308000,EURGBP,0.807410002,0.807500005
2016-04-11T01:04:17.959000,EURGBP,0.807330012,0.807410002
2016-04-11T01:04:59.636000,EURGBP,0.807389975,0.807479978
2016-04-11T01:05:00.305000,EURGBP,0.807389975,0.807479978
2016-04-11T01:05:00.670000,EURGBP,0.807410002,0.807479978
2016-04-11T01:05:18.505000,EURGBP,0.80734998,0.807439983
2016-04-11T01:05:59.968000,EURGBP,0.807399988,0.807479978
2016-04-11T01:06:00.313000,EURGBP,0.807399988,0.807489991
2016-04-11T01:06:05.076000,EURGBP,0.807479978,0.807560027
2016-04-11T01:06:59.968000,EURGBP,0.807370007,0.807449996
2016-04-11T01:07:00.001000,EURGBP,0.807370007,0.807449996
2016-04-11T01:07:07.404000,EURGBP,0.807299972,0.807399988
2016-04-11T01:07:58.116000,EURGBP,0.807489991,0.807569981
2016-04-11T01:07:59.879000,EURGBP,0.807470024,0.807550013
2016-04-11T01:08:00.321000,EURGBP,0.807470024,0.807550013
2016-04-11T01:08:04.618000,EURGBP,0.807489991,0.807550013
2016-04-11T01:08:46.725000,EURGBP,0.807439983,0.807510018
2016-04-11T01:08:59.808000,EURGBP,0.807489991,0.807539999
2016-04-11T01:09:00.053000,EURGBP,0.807489991,0.807539999
2016-04-11T01:09:24.562000,EURGBP,0.807479978,0.807560027
2016-04-11T01:09:40.261000,EURGBP,0.807430029,0.807489991
2016-04-11T01:09:59.922000,EURGBP,0.807470024,0.807529986
2016-04-11T01:10:00.487000,EURGBP,0.807470024,0.807529986
2016-04-11T01:10:30.363000,EURGBP,0.807439983,0.807489991
2016-04-11T01:10:58.693000,EURGBP,0.807500005,0.807560027
2016-04-11T01:10:59.449000,EURGBP,0.807489991,0.807550013
2016-04-11T01:11:00.616000,EURGBP,0.807489991,0.807550013
2016-04-11T01:11:02.141000,EURGBP,0.807470024,0.807519972
2016-04-11T01:11:50.751000,EURGBP,0.807659984,0.807709992
2016-04-11T01:11:59.994000,EURGBP,0.807630002,0.807699978
2016-04-11T01:12:00.003000,EURGBP,0.807630002,0.807699978
2016-04-11T01:12:12.268000,EURGBP,0.807609975,0.807680011
2016-04-11T01:12:58.128000,EURGBP,0.807680011,0.807770014
2016-04-11T01:12:59.251000,EURGBP,0.807680011,0.80776
2016-04-11T01:13:00.036000,EURGBP,0.807680011,0.80776
2016-04-11T01:13:17.549000,EURGBP,0.80765003,0.807739973
2016-04-11T01:13:59.103000,EURGBP,0.807919979,0.807990015
2016-04-11T01:14:00.047000,EURGBP,0.807919979,0.807980001
2016-04-11T01:14:13.268000,EURGBP,0.807879984,0.80795002
2016-04-11T01:14:59.986000,EURGBP,0.808089972,0.808170021
2016-04-11T01:14:59.993000,EURGBP,0.808080018,0.808170021
2016-04-11T01:15:00.000000,EURGBP,0.808080018,0.808179975
2016-04-11T01:15:06.956000,EURGBP,0.808149993,0.808229983
2016-04-11T01:15:37.882000,EURGBP,0.807980001,0.808089972
2016-04-11T01:15:59.900000,EURGBP,0.808019996,0.808109999
2016-04-11T01:16:00.223000,EURGBP,0.808019996,0.808109999
2016-04-11T01:16:00.227000,EURGBP,0.808019996,0.808109999
2016-04-11T01:16:44.460000,EURGBP,0.807900012,0.807990015
2016-04-11T01:16:59.888000,EURGBP,0.807959974,0.808049977
2016-04-11T01:17:00.005000,EURGBP,0.807959974,0.808049977
2016-04-11T01:17:03.595000,EURGBP,0.808000028,0.808099985
2016-04-11T01:17:58.956000,EURGBP,0.807959974,0.808040023
2016-04-11T01:17:59.809000,EURGBP,0.807969987,0.808070004
2016-04-11T01:18:00.307000,EURGBP,0.807969987,0.808070004
2016-04-11T01:18:13.707000,EURGBP,0.807980001,0.808070004
2016-04-11T01:18:47.779000,EURGBP,0.807860017,0.807940006
2016-04-11T01:18:59.882000,EURGBP,0.807889998,0.807990015
2016-04-11T01:19:00.065000,EURGBP,0.807889998,0.807990015
2016-04-11T01:19:16.008000,EURGBP,0.807929993,0.808019996
2016-04-11T01:19:48.420000,EURGBP,0.807850003,0.807940006
2016-04-11T01:19:59.953000,EURGBP,0.807879984,0.807969987
2016-04-11T01:20:00.201000,EURGBP,0.807879984,0.807969987
2016-04-11T01:20:00.673000,EURGBP,0.807879984,0.807969987
2016-04-11T01:20:08.756000,EURGBP,0.807959974,0.808040023
2016-04-11T01:20:58.509000,EURGBP,0.807919979,0.808000028
2016-04-11T01:21:00.305000,EURGBP,0.807910025,0.808000028
2016-04-11T01:21:11.867000,EURGBP,0.807879984,0.807969987
2016-04-11T01:21:38.031000,EURGBP,0.807980001,0.808070004
2016-04-11T01:21:59.767000,EURGBP,0.807919979,0.808009982
2016-04-11T01:22:00.071000,EURGBP,0.807919979,0.808009982
2016-04-11T01:22:28.803000,EURGBP,0.807900012,0.807990015
2016-04-11T01:22:46.407000,EURGBP,0.807980001,0.808049977
2016-04-11T01:22:59.616000,EURGBP,0.807969987,0.808030009
2016-04-11T01:23:00.314000,EURGBP,0.807969987,0.808030009
2016-04-11T01:23:05.105000,EURGBP,0.807959974,0.808030009
2016-04-11T01:23:54.207000,EURGBP,0.808120012,0.808210015
2016-04-11T01:23:59.844000,EURGBP,0.808109999,0.808200002
2016-04-11T01:24:00.006000,EURGBP,0.808109999,0.808200002
2016-04-11T01:24:02.860000,EURGBP,0.80813998,0.808229983
2016-04-11T01:24:33.914000,EURGBP,0.808030009,0.808120012
2016-04-11T01:24:58.588000,EURGBP,0.80805999,0.808149993
2016-04-11T01:25:00.086000,EURGBP,0.80805999,0.80813998
2016-04-11T01:25:18.888000,EURGBP,0.808019996,0.808089972
2016-04-11T01:25:59.551000,EURGBP,0.808109999,0.808210015
2016-04-11T01:25:59.903000,EURGBP,0.808089972,0.808189988
2016-04-11T01:26:00.100000,EURGBP,0.808089972,0.808189988
2016-04-11T01:26:19.073000,EURGBP,0.80805999,0.808149993
2016-04-11T01:26:59.903000,EURGBP,0.808160007,0.808260024
2016-04-11T01:26:59.910000,EURGBP,0.808160007,0.80825001
2016-04-11T01:27:00.016000,EURGBP,0.808160007,0.808260024
2016-04-11T01:27:37.405000,EURGBP,0.808229983,0.808309972
2016-04-11T01:27:39.877000,EURGBP,0.808160007,0.80825001
2016-04-11T01:27:59.750000,EURGBP,0.808220029,0.808279991
2016-04-11T01:28:00.207000,EURGBP,0.808220029,0.808279991
2016-04-11T01:28:16.892000,EURGBP,0.808220029,0.808260024
2016-04-11T01:28:35.007000,EURGBP,0.808269978,0.808340013
2016-04-11T01:28:59.909000,EURGBP,0.808220029,0.808290005
2016-04-11T01:29:00.040000,EURGBP,0.808220029,0.808290005
2016-04-11T01:29:05.601000,EURGBP,0.808220029,0.808279991
2016-04-11T01:29:57.476000,EURGBP,0.808449984,0.808560014
2016-04-11T01:29:59.901000,EURGBP,0.808449984,0.80855
2016-04-11T01:30:00.079000,EURGBP,0.808449984,0.80855
2016-04-11T01:30:00.411000,EURGBP,0.808480024,0.808560014
2016-04-11T01:30:06.579000,EURGBP,0.808009982,0.808120012
2016-04-11T01:30:59.948000,EURGBP,0.808109999,0.808210015
2016-04-11T01:31:01.754000,EURGBP,0.808109999,0.808210015
2016-04-11T01:31:15.112000,EURGBP,0.808170021,0.808260024
2016-04-11T01:31:37.716000,EURGBP,0.808089972,0.808170021
2016-04-11T01:31:59.864000,EURGBP,0.808099985,0.808189988
2016-04-11T01:32:00.267000,EURGBP,0.808099985,0.808189988
2016-04-11T01:32:05.812000,EURGBP,0.808099985,0.808179975
2016-04-11T01:32:55.097000,EURGBP,0.808319986,0.808409989
2016-04-11T01:32:59.702000,EURGBP,0.808309972,0.808380008
2016-04-11T01:33:00.004000,EURGBP,0.808309972,0.808380008
2016-04-11T01:33:00.380000,EURGBP,0.808309972,0.808380008
2016-04-11T01:33:12.120000,EURGBP,0.808359981,0.808449984
2016-04-11T01:33:59.995000,EURGBP,0.808350027,0.808430016
2016-04-11T01:34:00.048000,EURGBP,0.808350027,0.808430016
2016-04-11T01:34:27.345000,EURGBP,0.808409989,0.808480024
2016-04-11T01:34:59.576000,EURGBP,0.808269978,0.808350027
2016-04-11T01:34:59.805000,EURGBP,0.808269978,0.808359981
2016-04-11T01:35:00.414000,EURGBP,0.808269978,0.808359981
2016-04-11T01:35:13.420000,EURGBP,0.808170021,0.808269978
2016-04-11T01:35:59.977000,EURGBP,0.808329999,0.808409989
2016-04-11T01:36:00.200000,EURGBP,0.808329999,0.808409989
2016-04-11T01:36:22.451000,EURGBP,0.808329999,0.808420002
2016-04-11T01:36:38.805000,EURGBP,0.808269978,0.808350027
2016-04-11T01:36:59.577000,EURGBP,0.808269978,0.808359981
2016-04-11T01:37:00.580000,EURGBP,0.808269978,0.808359981
2016-04-11T01:37:15.563000,EURGBP,0.808220029,0.808309972
2016-04-11T01:37:59.994000,EURGBP,0.808409989,0.808420002
2016-04-11T01:38:00.236000,EURGBP,0.808409989,0.808420002
2016-04-11T01:38:00.441000,EURGBP,0.808409989,0.808420002
2016-04-11T01:38:25.057000,EURGBP,0.808539987,0.80862999
2016-04-11T01:38:59.804000,EURGBP,0.808470011,0.808570027
2016-04-11T01:39:00.084000,EURGBP,0.808470011,0.808570027
2016-04-11T01:39:04.001000,EURGBP,0.808470011,0.808570027
2016-04-11T01:39:57.778000,EURGBP,0.808279991,0.808369994
2016-04-11T01:39:59.436000,EURGBP,0.808300018,0.808369994
2016-04-11T01:40:00.591000,EURGBP,0.808300018,0.808369994
2016-04-11T01:40:35.111000,EURGBP,0.808420002,0.808510005
2016-04-11T01:40:58.599000,EURGBP,0.808279991,0.808359981
2016-04-11T01:40:58.708000,EURGBP,0.808290005,0.808359981
2016-04-11T01:41:00.504000,EURGBP,0.808290005,0.808359981
2016-04-11T01:41:24.366000,EURGBP,0.808269978,0.808340013
2016-04-11T01:41:43.605000,EURGBP,0.808369994,0.808430016
2016-04-11T01:41:59.924000,EURGBP,0.808300018,0.808380008
2016-04-11T01:42:00.034000,EURGBP,0.808309972,0.808380008
2016-04-11T01:42:26.853000,EURGBP,0.808329999,0.808409989
2016-04-11T01:42:59.555000,EURGBP,0.808290005,0.808369994
2016-04-11T01:43:00.269000,EURGBP,0.808290005,0.808369994
2016-04-11T01:43:01.667000,EURGBP,0.808290005,0.808369994
2016-04-11T01:43:19.479000,EURGBP,0.808470011,0.80855
2016-04-11T01:43:59.401000,EURGBP,0.808340013,0.808420002
2016-04-11T01:44:00.032000,EURGBP,0.808329999,0.808420002
2016-04-11T01:44:36.730000,EURGBP,0.808380008,0.808459997
2016-04-11T01:44:59.807000,EURGBP,0.808319986,0.808409989
2016-04-11T01:45:00.306000,EURGBP,0.808319986,0.808409989
2016-04-11T01:45:09.568000,EURGBP,0.808279991,0.808359981
2016-04-11T01:45:59.611000,EURGBP,0.808399975,0.808489978
2016-04-11T01:45:59.969000,EURGBP,0.808369994,0.808470011
2016-04-11T01:46:00.000000,EURGBP,0.808369994,0.808470011
2016-04-11T01:46:01.502000,EURGBP,0.808369994,0.808459997
2016-04-11T01:46:59.400000,EURGBP,0.808830023,0.808870018
2016-04-11T01:46:59.949000,EURGBP,0.808799982,0.808870018
2016-04-11T01:47:00.000000,EURGBP,0.808799982,0.808870018
2016-04-11T01:47:02.210000,EURGBP,0.808960021,0.80904001
2016-04-11T01:47:48.152000,EURGBP,0.808420002,0.808520019
2016-04-11T01:47:59.758000,EURGBP,0.808589995,0.808679998
2016-04-11T01:48:00.004000,EURGBP,0.808589995,0.808679998
2016-04-11T01:48:05.981000,EURGBP,0.808669984,0.808759987
2016-04-11T01:48:59.553000,EURGBP,0.808449984,0.808510005
2016-04-11T01:48:59.700000,EURGBP,0.808449984,0.808520019
2016-04-11T01:49:00.007000,EURGBP,0.808449984,0.808520019
2016-04-11T01:49:03.300000,EURGBP,0.808409989,0.808489978
2016-04-11T01:49:13.819000,EURGBP,0.808510005,0.808600008
2016-04-11T01:49:59.978000,EURGBP,0.808430016,0.808499992
2016-04-11T01:50:00.006000,EURGBP,0.808430016,0.808499992
2016-04-11T01:50:19.283000,EURGBP,0.808499992,0.808579981
2016-04-11T01:50:49.651000,EURGBP,0.808399975,0.808459997
2016-04-11T01:50:59.968000,EURGBP,0.80844003,0.808520019
2016-04-11T01:51:00.102000,EURGBP,0.80844003,0.808520019
2016-04-11T01:51:06.917000,EURGBP,0.808480024,0.808560014
2016-04-11T01:51:49.800000,EURGBP,0.808350027,0.808430016
2016-04-11T01:51:59.156000,EURGBP,0.808380008,0.80844003
2016-04-11T01:52:00.081000,EURGBP,0.808380008,0.80844003
2016-04-11T01:52:00.081000,EURGBP,0.808380008,0.80844003
2016-04-11T01:52:34.754000,EURGBP,0.808459997,0.80855
2016-04-11T01:52:59.837000,EURGBP,0.808399975,0.808470011
2016-04-11T01:53:01.068000,EURGBP,0.808399975,0.808470011
2016-04-11T01:53:18.286000,EURGBP,0.808399975,0.808459997
2016-04-11T01:53:57.642000,EURGBP,0.808459997,0.808539987
2016-04-11T01:53:59.983000,EURGBP,0.808449984,0.808529973
2016-04-11T01:54:00.022000,EURGBP,0.808449984,0.808529973
2016-04-11T01:54:04.019000,EURGBP,0.808449984,0.808529973
2016-04-11T01:54:59.828000,EURGBP,0.808130026,0.808200002
2016-04-11T01:55:00.067000,EURGBP,0.808130026,0.808200002
2016-04-11T01:55:06.904000,EURGBP,0.808099985,0.808170021
2016-04-11T01:55:35.809000,EURGBP,0.808170021,0.808229983
2016-04-11T01:55:59.931000,EURGBP,0.808130026,0.808210015
2016-04-11T01:56:00.045000,EURGBP,0.808130026,0.808200002
2016-04-11T01:56:07.900000,EURGBP,0.808070004,0.808149993
2016-04-11T01:56:51.401000,EURGBP,0.808149993,0.808220029
2016-04-11T01:56:59.231000,EURGBP,0.80813998,0.808220029
2016-04-11T01:57:00.113000,EURGBP,0.808149993,0.808220029
2016-04-11T01:57:02.320000,EURGBP,0.808149993,0.808220029
2016-04-11T01:57:09.987000,EURGBP,0.808189988,0.808269978
2016-04-11T01:57:59.693000,EURGBP,0.808179975,0.808260024
2016-04-11T01:58:00.175000,EURGBP,0.808189988,0.808260024
2016-04-11T01:58:28.444000,EURGBP,0.808170021,0.808239996
2016-04-11T01:58:59.879000,EURGBP,0.808210015,0.808269978
2016-04-11T01:59:01.455000,EURGBP,0.808210015,0.808269978
2016-04-11T01:59:19.294000,EURGBP,0.808170021,0.808239996
2016-04-11T01:59:44.072000,EURGBP,0.808350027,0.808420002
2016-04-11T01:59:59.412000,EURGBP,0.808239996,0.808279991
2016-04-11T02:00:00.288000,EURGBP,0.808239996,0.808279991
2016-04-11T02:00:03.976000,EURGBP,0.808229983,0.808279991
2016-04-11T02:00:58.626000,EURGBP,0.808329999,0.808399975
2016-04-11T02:00:59.148000,EURGBP,0.808319986,0.808399975
2016-04-11T02:01:00.146000,EURGBP,0.808319986,0.808399975
2016-04-11T02:01:43.784000,EURGBP,0.808229983,0.808309972
2016-04-11T02:01:59.577000,EURGBP,0.808350027,0.808420002
2016-04-11T02:02:00.099000,EURGBP,0.808350027,0.808420002
2016-04-11T02:02:20.305000,EURGBP,0.808309972,0.808369994
2016-04-11T02:02:45.679000,EURGBP,0.808390021,0.808470011
2016-04-11T02:02:59.935000,EURGBP,0.808369994,0.808430016
2016-04-11T02:03:00.052000,EURGBP,0.808369994,0.808430016
2016-04-11T02:03:24.130000,EURGBP,0.808430016,0.808489978
2016-04-11T02:03:39.839000,EURGBP,0.808319986,0.808399975
2016-04-11T02:03:59.947000,EURGBP,0.808369994,0.80844003
2016-04-11T02:04:01.200000,EURGBP,0.808369994,0.80844003
2016-04-11T02:04:01.200000,EURGBP,0.808369994,0.80844003
2016-04-11T02:04:24.953000,EURGBP,0.808200002,0.808269978
2016-04-11T02:04:59.050000,EURGBP,0.808260024,0.808350027
2016-04-11T02:05:00.003000,EURGBP,0.808260024,0.808350027
2016-04-11T02:05:04.900000,EURGBP,0.808189988,0.808269978
2016-04-11T02:05:51.170000,EURGBP,0.808470011,0.80855
2016-04-11T02:05:59.835000,EURGBP,0.808449984,0.808539987
2016-04-11T02:06:00.008000,EURGBP,0.808449984,0.808539987
2016-04-11T02:06:26.466000,EURGBP,0.808430016,0.808520019
2016-04-11T02:06:59.532000,EURGBP,0.808560014,0.80862999
2016-04-11T02:07:00.149000,EURGBP,0.808560014,0.80862999
2016-04-11T02:07:32.800000,EURGBP,0.808539987,0.808619976
2016-04-11T02:07:54.818000,EURGBP,0.808560014,0.808650017
2016-04-11T02:07:57.899000,EURGBP,0.80855,0.808640003
2016-04-11T02:08:00.238000,EURGBP,0.80855,0.808640003
2016-04-11T02:08:28.361000,EURGBP,0.808579981,0.808669984
2016-04-11T02:08:59.888000,EURGBP,0.808529973,0.808619976
2016-04-11T02:09:00.400000,EURGBP,0.808529973,0.808619976
2016-04-11T02:09:12.125000,EURGBP,0.808520019,0.808610022
2016-04-11T02:09:59.701000,EURGBP,0.808579981,0.808669984
2016-04-11T02:10:00.078000,EURGBP,0.808579981,0.808669984
2016-04-11T02:10:02.976000,EURGBP,0.808579981,0.808669984
2016-04-11T02:10:58.686000,EURGBP,0.808539987,0.808610022
2016-04-11T02:10:59.704000,EURGBP,0.80855,0.808619976
2016-04-11T02:11:00.004000,EURGBP,0.80855,0.808619976
2016-04-11T02:11:24.810000,EURGBP,0.808570027,0.80862999
2016-04-11T02:11:59.321000,EURGBP,0.808529973,0.808600008
2016-04-11T02:12:00.876000,EURGBP,0.808529973,0.808600008
2016-04-11T02:12:20.212000,EURGBP,0.808570027,0.808640003
2016-04-11T02:12:56.141000,EURGBP,0.808520019,0.808600008
2016-04-11T02:12:59.899000,EURGBP,0.808529973,0.808600008
2016-04-11T02:13:00.206000,EURGBP,0.808529973,0.808600008
2016-04-11T02:13:23.399000,EURGBP,0.808539987,0.808610022
2016-04-11T02:13:58.330000,EURGBP,0.808329999,0.808390021
2016-04-11T02:13:59.993000,EURGBP,0.808350027,0.808409989
2016-04-11T02:14:00.020000,EURGBP,0.808350027,0.808409989
2016-04-11T02:14:00.100000,EURGBP,0.808350027,0.808409989
2016-04-11T02:14:57.028000,EURGBP,0.808149993,0.808220029
2016-04-11T02:14:59.974000,EURGBP,0.808149993,0.808229983
2016-04-11T02:15:00.000000,EURGBP,0.808160007,0.808229983
2016-04-11T02:15:33.023000,EURGBP,0.808130026,0.808200002
2016-04-11T02:15:56.189000,EURGBP,0.808269978,0.808329999
2016-04-11T02:15:59.980000,EURGBP,0.808260024,0.808329999
2016-04-11T02:16:00.902000,EURGBP,0.808260024,0.808329999
2016-04-11T02:16:07.330000,EURGBP,0.808279991,0.808329999
2016-04-11T02:16:24.977000,EURGBP,0.808049977,0.808120012
2016-04-11T02:16:58.999000,EURGBP,0.808229983,0.808290005
2016-04-11T02:17:00.115000,EURGBP,0.808229983,0.808290005
2016-04-11T02:17:01.866000,EURGBP,0.808229983,0.808290005
2016-04-11T02:17:32.974000,EURGBP,0.808350027,0.808390021
2016-04-11T02:17:59.437000,EURGBP,0.808269978,0.808340013
2016-04-11T02:18:00.031000,EURGBP,0.808269978,0.808340013
2016-04-11T02:18:03.576000,EURGBP,0.808269978,0.808340013
2016-04-11T02:18:41.000000,EURGBP,0.80813998,0.808200002
2016-04-11T02:18:59.701000,EURGBP,0.808179975,0.808229983
2016-04-11T02:19:00.061000,EURGBP,0.808179975,0.808229983
2016-04-11T02:19:34.876000,EURGBP,0.808179975,0.808239996
2016-04-11T02:19:58.306000,EURGBP,0.807980001,0.808040023
2016-04-11T02:19:59.867000,EURGBP,0.808009982,0.808070004
2016-04-11T02:20:00.110000,EURGBP,0.808000028,0.808070004
2016-04-11T02:20:13.063000,EURGBP,0.808009982,0.808070004
2016-04-11T02:20:45.307000,EURGBP,0.80795002,0.808030009
2016-04-11T02:20:58.727000,EURGBP,0.807980001,0.808070004
2016-04-11T02:21:00.007000,EURGBP,0.807980001,0.80805999
2016-04-11T02:21:30.321000,EURGBP,0.807990015,0.808070004
2016-04-11T02:21:56.505000,EURGBP,0.807850003,0.807940006
2016-04-11T02:21:59.837000,EURGBP,0.807860017,0.807959974
2016-04-11T02:22:00.271000,EURGBP,0.807869971,0.807959974
2016-04-11T02:22:26.173000,EURGBP,0.807820022,0.807919979
2016-04-11T02:22:59.683000,EURGBP,0.807929993,0.808009982
2016-04-11T02:23:00.173000,EURGBP,0.807929993,0.808009982
2016-04-11T02:23:15.561000,EURGBP,0.807919979,0.808009982
2016-04-11T02:23:58.166000,EURGBP,0.808000028,0.808080018
2016-04-11T02:23:59.982000,EURGBP,0.807980001,0.80805999
2016-04-11T02:24:00.106000,EURGBP,0.807980001,0.80805999
2016-04-11T02:24:09.707000,EURGBP,0.807980001,0.808070004
2016-04-11T02:24:37.499000,EURGBP,0.807929993,0.808009982
2016-04-11T02:24:59.053000,EURGBP,0.807940006,0.808019996
2016-04-11T02:25:00.179000,EURGBP,0.807940006,0.808030009
2016-04-11T02:25:42.024000,EURGBP,0.807959974,0.808030009
2016-04-11T02:25:58.631000,EURGBP,0.807799995,0.807860017
2016-04-11T02:25:59.357000,EURGBP,0.807810009,0.807869971
2016-04-11T02:26:00.117000,EURGBP,0.807810009,0.807869971
2016-04-11T02:26:32.896000,EURGBP,0.807810009,0.807869971
2016-04-11T02:26:57.400000,EURGBP,0.807910025,0.807969987
2016-04-11T02:26:59.461000,EURGBP,0.807900012,0.80795002
2016-04-11T02:27:00.141000,EURGBP,0.807900012,0.807959974
2016-04-11T02:27:30.840000,EURGBP,0.807929993,0.807990015
2016-04-11T02:27:54.041000,EURGBP,0.80783999,0.807900012
2016-04-11T02:27:59.868000,EURGBP,0.807850003,0.807900012
2016-04-11T02:28:00.389000,EURGBP,0.807850003,0.807900012
2016-04-11T02:28:16.788000,EURGBP,0.807850003,0.807900012
2016-04-11T02:28:59.835000,EURGBP,0.807919979,0.808000028
2016-04-11T02:29:00.715000,EURGBP,0.807929993,0.808000028
2016-04-11T02:29:05.449000,EURGBP,0.807929993,0.808000028
2016-04-11T02:29:33.053000,EURGBP,0.808030009,0.808070004
2016-04-11T02:29:58.701000,EURGBP,0.807990015,0.808049977
2016-04-11T02:30:00.053000,EURGBP,0.807990015,0.808049977
2016-04-11T02:30:00.560000,EURGBP,0.807990015,0.808049977
2016-04-11T02:30:56.500000,EURGBP,0.807850003,0.807910025
2016-04-11T02:30:59.509000,EURGBP,0.807850003,0.807929993
2016-04-11T02:31:00.464000,EURGBP,0.807850003,0.807929993
2016-04-11T02:31:01.239000,EURGBP,0.807850003,0.807919979
2016-04-11T02:31:45.289000,EURGBP,0.807959974,0.808030009
2016-04-11T02:31:59.664000,EURGBP,0.807959974,0.808009982
2016-04-11T02:32:00.352000,EURGBP,0.807959974,0.808009982
2016-04-11T02:32:11.094000,EURGBP,0.80795002,0.808000028
2016-04-11T02:32:25.399000,EURGBP,0.807980001,0.808040023
2016-04-11T02:32:58.501000,EURGBP,0.807959974,0.808030009
2016-04-11T02:33:01.131000,EURGBP,0.807959974,0.808030009
2016-04-11T02:33:10.208000,EURGBP,0.80795002,0.808030009
2016-04-11T02:33:48.899000,EURGBP,0.807969987,0.808040023
2016-04-11T02:33:59.942000,EURGBP,0.807969987,0.808019996
2016-04-11T02:34:00.491000,EURGBP,0.807969987,0.808019996
2016-04-11T02:34:15.804000,EURGBP,0.807959974,0.808019996
2016-04-11T02:34:38.600000,EURGBP,0.808019996,0.808070004
2016-04-11T02:34:58.399000,EURGBP,0.808009982,0.808070004
2016-04-11T02:35:00.314000,EURGBP,0.808009982,0.808070004
2016-04-11T02:35:01.148000,EURGBP,0.808009982,0.808080018
2016-04-11T02:35:39.299000,EURGBP,0.807990015,0.808040023
2016-04-11T02:35:59.833000,EURGBP,0.807990015,0.80805999
2016-04-11T02:36:00.429000,EURGBP,0.807990015,0.80805999
2016-04-11T02:36:01.351000,EURGBP,0.807990015,0.808049977
2016-04-11T02:36:59.573000,EURGBP,0.808130026,0.808189988
2016-04-11T02:37:00.204000,EURGBP,0.808130026,0.808189988
2016-04-11T02:37:05.465000,EURGBP,0.808130026,0.808189988
2016-04-11T02:37:59.139000,EURGBP,0.808170021,0.808229983
2016-04-11T02:38:01.116000,EURGBP,0.808170021,0.808229983
2016-04-11T02:38:13.022000,EURGBP,0.80813998,0.808220029
2016-04-11T02:38:55.713000,EURGBP,0.808200002,0.808279991
2016-04-11T02:38:59.432000,EURGBP,0.808200002,0.808269978
2016-04-11T02:39:00.434000,EURGBP,0.808200002,0.808269978
2016-04-11T02:39:30.506000,EURGBP,0.808200002,0.808290005
2016-04-11T02:39:58.202000,EURGBP,0.80813998,0.808210015
2016-04-11T02:39:59.206000,EURGBP,0.80813998,0.808220029
2016-04-11T02:40:00.208000,EURGBP,0.80813998,0.808220029
2016-04-11T02:40:37.306000,EURGBP,0.80813998,0.808220029
2016-04-11T02:40:59.991000,EURGBP,0.808089972,0.808170021
2016-04-11T02:41:00.068000,EURGBP,0.808089972,0.808170021
2016-04-11T02:41:00.076000,EURGBP,0.808089972,0.808170021
2016-04-11T02:41:59.727000,EURGBP,0.807929993,0.808000028
2016-04-11T02:42:00.200000,EURGBP,0.807929993,0.808000028
2016-04-11T02:42:01.759000,EURGBP,0.807940006,0.808009982
2016-04-11T02:42:59.977000,EURGBP,0.807820022,0.807869971
2016-04-11T02:43:00.000000,EURGBP,0.807820022,0.807869971
2016-04-11T02:43:08.493000,EURGBP,0.807829976,0.807869971
2016-04-11T02:43:59.801000,EURGBP,0.807749987,0.807810009
2016-04-11T02:44:00.393000,EURGBP,0.807749987,0.807810009
2016-04-11T02:44:11.978000,EURGBP,0.80776,0.807820022
2016-04-11T02:44:14.730000,EURGBP,0.807699978,0.807770014
2016-04-11T02:44:59.389000,EURGBP,0.807739973,0.807799995
2016-04-11T02:45:00.235000,EURGBP,0.807739973,0.807799995
2016-04-11T02:45:16.377000,EURGBP,0.807720006,0.807799995
2016-04-11T02:45:50.272000,EURGBP,0.80776,0.807810009
2016-04-11T02:45:59.808000,EURGBP,0.807739973,0.807799995
2016-04-11T02:46:00.081000,EURGBP,0.807739973,0.807799995
2016-04-11T02:46:07.616000,EURGBP,0.807749987,0.807810009
2016-04-11T02:46:18.173000,EURGBP,0.807659984,0.807699978
2016-04-11T02:46:59.818000,EURGBP,0.807669997,0.807730019
2016-04-11T02:47:00.188000,EURGBP,0.807669997,0.807730019
2016-04-11T02:47:06.404000,EURGBP,0.807739973,0.807780027
2016-04-11T02:47:35.050000,EURGBP,0.807389975,0.80746001
2016-04-11T02:47:59.800000,EURGBP,0.807560027,0.80765003
2016-04-11T02:48:00.026000,EURGBP,0.807569981,0.80765003
2016-04-11T02:48:06.979000,EURGBP,0.807560027,0.807640016
2016-04-11T02:48:15.025000,EURGBP,0.807609975,0.807709992
2016-04-11T02:48:59.991000,EURGBP,0.807579994,0.807669997
2016-04-11T02:49:00.003000,EURGBP,0.807579994,0.807669997
2016-04-11T02:49:33.168000,EURGBP,0.807630002,0.807709992
2016-04-11T02:49:59.761000,EURGBP,0.807569981,0.80765003
2016-04-11T02:50:00.747000,EURGBP,0.807579994,0.80765003
2016-04-11T02:50:02.901000,EURGBP,0.807569981,0.80765003
2016-04-11T02:50:56.603000,EURGBP,0.807609975,0.807699978
2016-04-11T02:50:59.945000,EURGBP,0.807600021,0.807680011
2016-04-11T02:51:00.021000,EURGBP,0.807590008,0.807680011
2016-04-11T02:51:21.035000,EURGBP,0.807609975,0.807690024
2016-04-11T02:51:59.987000,EURGBP,0.807449996,0.807539999
2016-04-11T02:52:00.000000,EURGBP,0.807449996,0.807539999
2016-04-11T02:52:12.608000,EURGBP,0.807519972,0.807569981
2016-04-11T02:52:59.865000,EURGBP,0.807410002,0.807489991
2016-04-11T02:53:00.677000,EURGBP,0.807410002,0.807489991
2016-04-11T02:53:04.559000,EURGBP,0.807410002,0.807489991
2016-04-11T02:53:44.551000,EURGBP,0.807470024,0.807539999
2016-04-11T02:53:59.999000,EURGBP,0.807420015,0.807510018
2016-04-11T02:54:00.405000,EURGBP,0.807420015,0.807510018
2016-04-11T02:54:16.170000,EURGBP,0.807449996,0.807539999
2016-04-11T02:54:55.933000,EURGBP,0.807330012,0.807420015
2016-04-11T02:54:59.357000,EURGBP,0.80734998,0.807420015
2016-04-11T02:55:00.184000,EURGBP,0.80734998,0.807420015
2016-04-11T02:55:41.781000,EURGBP,0.807280004,0.807370007
2016-04-11T02:55:55.986000,EURGBP,0.807359993,0.807439983
2016-04-11T02:55:59.080000,EURGBP,0.807340026,0.807420015
2016-04-11T02:56:00.081000,EURGBP,0.807340026,0.807420015
2016-04-11T02:56:02.906000,EURGBP,0.807340026,0.807420015
2016-04-11T02:56:44.168000,EURGBP,0.807470024,0.807539999
2016-04-11T02:56:59.987000,EURGBP,0.80746001,0.807539999
2016-04-11T02:57:00.009000,EURGBP,0.80746001,0.807539999
2016-04-11T02:57:08.073000,EURGBP,0.80746001,0.807539999
2016-04-11T02:57:59.603000,EURGBP,0.807600021,0.807669997
2016-04-11T02:58:00.202000,EURGBP,0.807600021,0.807669997
2016-04-11T02:58:16.823000,EURGBP,0.807669997,0.807730019
2016-04-11T02:58:55.954000,EURGBP,0.807519972,0.807590008
2016-04-11T02:58:59.842000,EURGBP,0.807550013,0.807619989
2016-04-11T02:59:00.054000,EURGBP,0.807550013,0.807619989
2016-04-11T02:59:02.801000,EURGBP,0.807550013,0.807619989
2016-04-11T02:59:56.149000,EURGBP,0.807359993,0.807439983
2016-04-11T02:59:59.906000,EURGBP,0.807380021,0.80746001
2016-04-11T03:00:00.107000,EURGBP,0.807370007,0.80746001
2016-04-11T03:00:03.111000,EURGBP,0.807370007,0.80746001
2016-04-11T03:00:04.755000,EURGBP,0.807439983,0.807510018
2016-04-11T03:00:59.949000,EURGBP,0.807420015,0.807489991
2016-04-11T03:01:00.153000,EURGBP,0.807420015,0.807489991
2016-04-11T03:01:08.976000,EURGBP,0.807370007,0.80746001
2016-04-11T03:01:59.206000,EURGBP,0.807430029,0.807510018
2016-04-11T03:02:00.113000,EURGBP,0.807420015,0.807510018
2016-04-11T03:02:04.199000,EURGBP,0.807420015,0.807510018
2016-04-11T03:02:25.402000,EURGBP,0.807529986,0.807619989
2016-04-11T03:02:59.210000,EURGBP,0.807510018,0.807609975
2016-04-11T03:03:00.216000,EURGBP,0.807510018,0.807609975
2016-04-11T03:03:28.536000,EURGBP,0.807470024,0.807560027
2016-04-11T03:03:47.756000,EURGBP,0.807539999,0.807630002
2016-04-11T03:03:59.794000,EURGBP,0.807500005,0.807579994
2016-04-11T03:04:00.342000,EURGBP,0.807500005,0.807579994
2016-04-11T03:04:23.711000,EURGBP,0.807489991,0.807579994
2016-04-11T03:04:24.632000,EURGBP,0.807550013,0.807640016
2016-04-11T03:04:59.873000,EURGBP,0.807519972,0.807609975
2016-04-11T03:05:00.067000,EURGBP,0.807529986,0.807609975
2016-04-11T03:05:14.818000,EURGBP,0.807529986,0.807609975
2016-04-11T03:05:30.411000,EURGBP,0.807479978,0.807569981
2016-04-11T03:05:59.480000,EURGBP,0.807500005,0.807579994
2016-04-11T03:06:00.263000,EURGBP,0.807500005,0.807579994
2016-04-11T03:06:17.537000,EURGBP,0.807489991,0.807569981
2016-04-11T03:06:58.875000,EURGBP,0.807560027,0.807640016
2016-04-11T03:06:59.881000,EURGBP,0.807550013,0.807640016
2016-04-11T03:07:00.188000,EURGBP,0.807550013,0.807640016
2016-04-11T03:07:09.242000,EURGBP,0.807519972,0.807609975
2016-04-11T03:07:38.148000,EURGBP,0.807579994,0.807659984
2016-04-11T03:07:57.675000,EURGBP,0.807560027,0.80765003
2016-04-11T03:08:00.008000,EURGBP,0.807560027,0.80765003
2016-04-11T03:08:12.575000,EURGBP,0.807609975,0.807680011
2016-04-11T03:08:59.001000,EURGBP,0.807439983,0.807489991
2016-04-11T03:08:59.973000,EURGBP,0.807439983,0.807500005
2016-04-11T03:09:00.391000,EURGBP,0.807449996,0.807500005
2016-04-11T03:09:10.586000,EURGBP,0.807470024,0.807529986
2016-04-11T03:09:53.912000,EURGBP,0.807079971,0.807169974
2016-04-11T03:09:59.541000,EURGBP,0.807129979,0.807210028
2016-04-11T03:10:01.241000,EURGBP,0.807120025,0.807210028
2016-04-11T03:10:06.347000,EURGBP,0.807060003,0.807150006
2016-04-11T03:10:59.868000,EURGBP,0.807190001,0.80726999
2016-04-11T03:11:00.873000,EURGBP,0.807190001,0.80726999
2016-04-11T03:11:02.246000,EURGBP,0.807190001,0.80726999
2016-04-11T03:11:53.088000,EURGBP,0.807280004,0.80734998
2016-04-11T03:11:58.465000,EURGBP,0.807280004,0.807340026
2016-04-11T03:12:00.527000,EURGBP,0.807280004,0.807340026
2016-04-11T03:12:09.552000,EURGBP,0.80726999,0.807330012
2016-04-11T03:12:46.905000,EURGBP,0.807330012,0.807410002
2016-04-11T03:12:59.186000,EURGBP,0.807280004,0.80734998
2016-04-11T03:13:00.546000,EURGBP,0.807280004,0.807359993
2016-04-11T03:13:35.367000,EURGBP,0.807330012,0.807399988
2016-04-11T03:13:52.659000,EURGBP,0.80726999,0.80734998
2016-04-11T03:13:59.786000,EURGBP,0.807290018,0.807359993
2016-04-11T03:14:00.078000,EURGBP,0.807290018,0.807370007
2016-04-11T03:14:11.605000,EURGBP,0.807290018,0.807359993
2016-04-11T03:14:28.862000,EURGBP,0.807340026,0.807420015
2016-04-11T03:14:59.694000,EURGBP,0.807330012,0.807399988
2016-04-11T03:15:00.173000,EURGBP,0.807330012,0.807399988
2016-04-11T03:15:46.160000,EURGBP,0.807290018,0.807359993
2016-04-11T03:15:59.953000,EURGBP,0.807340026,0.807420015
2016-04-11T03:16:01.321000,EURGBP,0.807340026,0.807420015
2016-04-11T03:16:02.740000,EURGBP,0.807340026,0.807420015
2016-04-11T03:16:48.105000,EURGBP,0.807439983,0.807510018
2016-04-11T03:16:59.999000,EURGBP,0.807420015,0.807489991
2016-04-11T03:17:00.100000,EURGBP,0.807420015,0.807489991
2016-04-11T03:17:28.839000,EURGBP,0.807539999,0.807600021
2016-04-11T03:17:58.799000,EURGBP,0.807420015,0.807489991
2016-04-11T03:17:59.999000,EURGBP,0.807430029,0.807489991
2016-04-11T03:18:00.099000,EURGBP,0.807430029,0.807489991
2016-04-11T03:18:05.437000,EURGBP,0.807439983,0.807500005
2016-04-11T03:18:17.571000,EURGBP,0.807410002,0.807479978
2016-04-11T03:18:59.999000,EURGBP,0.807430029,0.807489991
2016-04-11T03:19:00.000000,EURGBP,0.807430029,0.807489991
2016-04-11T03:19:40.599000,EURGBP,0.807399988,0.80746001
2016-04-11T03:19:59.973000,EURGBP,0.807449996,0.807519972
2016-04-11T03:20:00.977000,EURGBP,0.807449996,0.807519972
2016-04-11T03:20:05.448000,EURGBP,0.807449996,0.807519972
2016-04-11T03:20:40.301000,EURGBP,0.807340026,0.807410002
2016-04-11T03:20:59.934000,EURGBP,0.807370007,0.807449996
2016-04-11T03:21:00.322000,EURGBP,0.807380021,0.807449996
2016-04-11T03:21:06.526000,EURGBP,0.807370007,0.807439983
2016-04-11T03:21:53.026000,EURGBP,0.807470024,0.807539999
2016-04-11T03:21:59.922000,EURGBP,0.807439983,0.807510018
2016-04-11T03:22:00.002000,EURGBP,0.807439983,0.807510018
2016-04-11T03:22:00.254000,EURGBP,0.807449996,0.807519972
2016-04-11T03:22:59.594000,EURGBP,0.807410002,0.80746001
2016-04-11T03:22:59.983000,EURGBP,0.807410002,0.807470024
2016-04-11T03:23:00.035000,EURGBP,0.807410002,0.807470024
2016-04-11T03:23:00.035000,EURGBP,0.807410002,0.807470024
2016-04-11T03:23:55.262000,EURGBP,0.807539999,0.807619989
2016-04-11T03:23:59.486000,EURGBP,0.807529986,0.807609975
2016-04-11T03:24:00.936000,EURGBP,0.807529986,0.807609975
2016-04-11T03:24:09.179000,EURGBP,0.807489991,0.807569981
2016-04-11T03:24:48.348000,EURGBP,0.807579994,0.80765003
2016-04-11T03:24:58.374000,EURGBP,0.807569981,0.807640016
2016-04-11T03:25:00.132000,EURGBP,0.807569981,0.807640016
2016-04-11T03:25:33.449000,EURGBP,0.807619989,0.807680011
2016-04-11T03:25:59.749000,EURGBP,0.807550013,0.807630002
2016-04-11T03:26:00.000000,EURGBP,0.807550013,0.807630002
2016-04-11T03:26:06.125000,EURGBP,0.807550013,0.807630002
2016-04-11T03:26:07.170000,EURGBP,0.807630002,0.807709992
2016-04-11T03:26:59.416000,EURGBP,0.807600021,0.807659984
2016-04-11T03:27:00.184000,EURGBP,0.807600021,0.807659984
2016-04-11T03:27:50.700000,EURGBP,0.807609975,0.807680011
2016-04-11T03:27:59.274000,EURGBP,0.807579994,0.807640016
2016-04-11T03:27:59.967000,EURGBP,0.807579994,0.80765003
2016-04-11T03:28:00.167000,EURGBP,0.807579994,0.80765003
2016-04-11T03:28:33.686000,EURGBP,0.807609975,0.807680011
2016-04-11T03:28:58.801000,EURGBP,0.807569981,0.80765003
2016-04-11T03:29:00.225000,EURGBP,0.807569981,0.80765003
2016-04-11T03:29:01.726000,EURGBP,0.807569981,0.80765003
2016-04-11T03:29:49.433000,EURGBP,0.80765003,0.807709992
2016-04-11T03:29:59.497000,EURGBP,0.807590008,0.807669997
2016-04-11T03:30:00.051000,EURGBP,0.807590008,0.807659984
2016-04-11T03:30:07.165000,EURGBP,0.807609975,0.807680011
2016-04-11T03:30:59.802000,EURGBP,0.807439983,0.807519972
2016-04-11T03:30:59.979000,EURGBP,0.807449996,0.807529986
2016-04-11T03:31:00.001000,EURGBP,0.807449996,0.807529986
2016-04-11T03:31:49.802000,EURGBP,0.807470024,0.807539999
2016-04-11T03:31:59.037000,EURGBP,0.807359993,0.807439983
2016-04-11T03:32:00.222000,EURGBP,0.807359993,0.807430029
2016-04-11T03:32:07.536000,EURGBP,0.807370007,0.807439983
2016-04-11T03:32:56.994000,EURGBP,0.807129979,0.807190001
2016-04-11T03:32:59.501000,EURGBP,0.807139993,0.807219982
2016-04-11T03:33:00.070000,EURGBP,0.807139993,0.807219982
2016-04-11T03:33:00.070000,EURGBP,0.807139993,0.807219982
2016-04-11T03:33:59.979000,EURGBP,0.807200015,0.807280004
2016-04-11T03:34:00.100000,EURGBP,0.807200015,0.807280004
2016-04-11T03:34:13.602000,EURGBP,0.807229996,0.807309985
2016-04-11T03:34:45.806000,EURGBP,0.807099998,0.807179987
2016-04-11T03:34:59.670000,EURGBP,0.80716002,0.807240009
2016-04-11T03:35:00.340000,EURGBP,0.80716002,0.807240009
2016-04-11T03:35:16.641000,EURGBP,0.80716002,0.807240009
2016-04-11T03:35:47.100000,EURGBP,0.807219982,0.807299972
2016-04-11T03:35:58.722000,EURGBP,0.807179987,0.807250023
2016-04-11T03:36:00.067000,EURGBP,0.807179987,0.807250023
2016-04-11T03:36:52.093000,EURGBP,0.807179987,0.807250023
2016-04-11T03:36:54.411000,EURGBP,0.807229996,0.807309985
2016-04-11T03:36:59.657000,EURGBP,0.807229996,0.807290018
2016-04-11T03:37:00.411000,EURGBP,0.807229996,0.807299972
2016-04-11T03:37:19.400000,EURGBP,0.807229996,0.807290018
2016-04-11T03:37:55.764000,EURGBP,0.807280004,0.807359993
2016-04-11T03:37:59.994000,EURGBP,0.80726999,0.80734998
2016-04-11T03:38:00.441000,EURGBP,0.80726999,0.80734998
2016-04-11T03:38:01.479000,EURGBP,0.80726999,0.80734998
2016-04-11T03:38:59.180000,EURGBP,0.807319999,0.807399988
2016-04-11T03:38:59.189000,EURGBP,0.807319999,0.807389975
2016-04-11T03:39:00.874000,EURGBP,0.807319999,0.807389975
2016-04-11T03:39:04.505000,EURGBP,0.807319999,0.807389975
2016-04-11T03:39:36.901000,EURGBP,0.807420015,0.807489991
2016-04-11T03:39:59.826000,EURGBP,0.807410002,0.807479978
2016-04-11T03:40:00.638000,EURGBP,0.807410002,0.807479978
2016-04-11T03:40:08.602000,EURGBP,0.807410002,0.807489991
2016-04-11T03:40:26.689000,EURGBP,0.80734998,0.807410002
2016-04-11T03:40:59.631000,EURGBP,0.807399988,0.807470024
2016-04-11T03:41:00.525000,EURGBP,0.807399988,0.807470024
2016-04-11T03:41:16.797000,EURGBP,0.807399988,0.807479978
2016-04-11T03:41:59.753000,EURGBP,0.807399988,0.80746001
2016-04-11T03:42:00.257000,EURGBP,0.807399988,0.80746001
2016-04-11T03:42:25.923000,EURGBP,0.807439983,0.807510018
2016-04-11T03:42:57.002000,EURGBP,0.807380021,0.807439983
2016-04-11T03:42:58.851000,EURGBP,0.807380021,0.807449996
2016-04-11T03:43:00.178000,EURGBP,0.807380021,0.807449996
2016-04-11T03:43:06.568000,EURGBP,0.807380021,0.807449996
2016-04-11T03:43:54.594000,EURGBP,0.807399988,0.807470024
2016-04-11T03:43:58.309000,EURGBP,0.807389975,0.80746001
2016-04-11T03:44:02.015000,EURGBP,0.807389975,0.80746001
2016-04-11T03:44:43.675000,EURGBP,0.807410002,0.807479978
2016-04-11T03:44:57.280000,EURGBP,0.80734998,0.807430029
2016-04-11T03:44:58.448000,EURGBP,0.807359993,0.807430029
2016-04-11T03:45:00.085000,EURGBP,0.807359993,0.807430029
2016-04-11T03:45:20.363000,EURGBP,0.807340026,0.807420015
2016-04-11T03:45:56.805000,EURGBP,0.807380021,0.807449996
2016-04-11T03:45:59.067000,EURGBP,0.807380021,0.807439983
2016-04-11T03:46:00.068000,EURGBP,0.807380021,0.807439983
2016-04-11T03:46:00.649000,EURGBP,0.807380021,0.807430029
2016-04-11T03:46:35.427000,EURGBP,0.807449996,0.807519972
2016-04-11T03:46:59.079000,EURGBP,0.807430029,0.807500005
2016-04-11T03:47:01.086000,EURGBP,0.807430029,0.807500005
2016-04-11T03:47:04.179000,EURGBP,0.807430029,0.807500005
2016-04-11T03:47:36.475000,EURGBP,0.807299972,0.807370007
2016-04-11T03:47:59.744000,EURGBP,0.807359993,0.807420015
2016-04-11T03:48:00.961000,EURGBP,0.807359993,0.807420015
2016-04-11T03:48:05.236000,EURGBP,0.807359993,0.807420015
2016-04-11T03:48:11.755000,EURGBP,0.807290018,0.807330012
2016-04-11T03:48:59.967000,EURGBP,0.807299972,0.807380021
2016-04-11T03:49:00.195000,EURGBP,0.807299972,0.807370007
2016-04-11T03:49:13.063000,EURGBP,0.807299972,0.807370007
2016-04-11T03:49:59.414000,EURGBP,0.807380021,0.80746001
2016-04-11T03:49:59.898000,EURGBP,0.807380021,0.807449996
2016-04-11T03:50:00.027000,EURGBP,0.807380021,0.807449996
2016-04-11T03:50:25.665000,EURGBP,0.807380021,0.807439983
2016-04-11T03:50:58.851000,EURGBP,0.80746001,0.807529986
2016-04-11T03:51:00.661000,EURGBP,0.80746001,0.807529986
2016-04-11T03:51:32.292000,EURGBP,0.807439983,0.807519972
2016-04-11T03:51:44.269000,EURGBP,0.807529986,0.807600021
2016-04-11T03:51:59.178000,EURGBP,0.807510018,0.807579994
2016-04-11T03:52:00.289000,EURGBP,0.807510018,0.807579994
2016-04-11T03:52:26.649000,EURGBP,0.807489991,0.807539999
2016-04-11T03:52:59.805000,EURGBP,0.807579994,0.80765003
2016-04-11T03:52:59.915000,EURGBP,0.807579994,0.807640016
2016-04-11T03:53:00.123000,EURGBP,0.807579994,0.80765003
2016-04-11T03:53:53.502000,EURGBP,0.807510018,0.807579994
2016-04-11T03:53:59.151000,EURGBP,0.807579994,0.807659984
2016-04-11T03:53:59.730000,EURGBP,0.807579994,0.80765003
2016-04-11T03:54:01.660000,EURGBP,0.807579994,0.807659984
2016-04-11T03:54:07.661000,EURGBP,0.807579994,0.807659984
2016-04-11T03:54:54.865000,EURGBP,0.807569981,0.807640016
2016-04-11T03:54:59.652000,EURGBP,0.807569981,0.80765003
2016-04-11T03:55:01.259000,EURGBP,0.807569981,0.807640016
2016-04-11T03:55:44.187000,EURGBP,0.807550013,0.807609975
2016-04-11T03:55:59.995000,EURGBP,0.807590008,0.807669997
2016-04-11T03:56:00.159000,EURGBP,0.807590008,0.807669997
2016-04-11T03:56:22.788000,EURGBP,0.807630002,0.807709992
2016-04-11T03:56:59.700000,EURGBP,0.807579994,0.807619989
2016-04-11T03:56:59.957000,EURGBP,0.807579994,0.807640016
2016-04-11T03:57:00.149000,EURGBP,0.807579994,0.807619989
2016-04-11T03:57:05.751000,EURGBP,0.807579994,0.807609975
2016-04-11T03:57:24.649000,EURGBP,0.807609975,0.807690024
2016-04-11T03:57:57.207000,EURGBP,0.807569981,0.80765003
2016-04-11T03:58:00.213000,EURGBP,0.807569981,0.80765003
2016-04-11T03:58:44.270000,EURGBP,0.807579994,0.80765003
2016-04-11T03:58:48.568000,EURGBP,0.807569981,0.807640016
2016-04-11T03:58:59.601000,EURGBP,0.807569981,0.80765003
2016-04-11T03:59:00.606000,EURGBP,0.807569981,0.80765003
2016-04-11T03:59:17.068000,EURGBP,0.807579994,0.80765003
2016-04-11T03:59:30.699000,EURGBP,0.807550013,0.807619989
2016-04-11T03:59:59.983000,EURGBP,0.807569981,0.807630002
2016-04-11T04:00:00.288000,EURGBP,0.807569981,0.807630002
2016-04-11T04:00:04.524000,EURGBP,0.807539999,0.807600021
2016-04-11T04:00:08.623000,EURGBP,0.807600021,0.807680011
2016-04-11T04:00:58.415000,EURGBP,0.807550013,0.807630002
2016-04-11T04:01:00.252000,EURGBP,0.807550013,0.807630002
2016-04-11T04:01:09.400000,EURGBP,0.807569981,0.80765003
2016-04-11T04:01:59.072000,EURGBP,0.807529986,0.807609975
2016-04-11T04:02:00.048000,EURGBP,0.807529986,0.807609975
2016-04-11T04:02:42.788000,EURGBP,0.807529986,0.807609975
2016-04-11T04:02:43.663000,EURGBP,0.807560027,0.807630002
2016-04-11T04:02:58.821000,EURGBP,0.807550013,0.807619989
2016-04-11T04:03:00.881000,EURGBP,0.807550013,0.807619989
2016-04-11T04:03:36.420000,EURGBP,0.807529986,0.807609975
2016-04-11T04:03:59.806000,EURGBP,0.807569981,0.807640016
2016-04-11T04:04:00.025000,EURGBP,0.807569981,0.807640016
2016-04-11T04:04:27.316000,EURGBP,0.807590008,0.80765003
2016-04-11T04:04:31.052000,EURGBP,0.807539999,0.807600021
2016-04-11T04:04:58.430000,EURGBP,0.807569981,0.807640016
2016-04-11T04:05:02.789000,EURGBP,0.807569981,0.807640016
2016-04-11T04:05:18.030000,EURGBP,0.807609975,0.807690024
2016-04-11T04:05:54.693000,EURGBP,0.807560027,0.807640016
2016-04-11T04:05:59.478000,EURGBP,0.807579994,0.807640016
2016-04-11T04:06:00.712000,EURGBP,0.807579994,0.807640016
2016-04-11T04:06:24.795000,EURGBP,0.807590008,0.80765003
2016-04-11T04:06:42.465000,EURGBP,0.807420015,0.807489991
2016-04-11T04:06:59.853000,EURGBP,0.807519972,0.807600021
2016-04-11T04:07:00.468000,EURGBP,0.807529986,0.807600021
2016-04-11T04:07:26.640000,EURGBP,0.807500005,0.807569981
2016-04-11T04:07:44.182000,EURGBP,0.807539999,0.807609975
2016-04-11T04:07:59.536000,EURGBP,0.807529986,0.807590008
2016-04-11T04:08:01.108000,EURGBP,0.807529986,0.807590008
2016-04-11T04:08:07.518000,EURGBP,0.807519972,0.807590008
2016-04-11T04:08:59.980000,EURGBP,0.807590008,0.807669997
2016-04-11T04:09:00.684000,EURGBP,0.807590008,0.807669997
2016-04-11T04:09:19.997000,EURGBP,0.807579994,0.807659984
2016-04-11T04:09:37.324000,EURGBP,0.80765003,0.807720006
2016-04-11T04:09:59.881000,EURGBP,0.807640016,0.807699978
2016-04-11T04:10:00.337000,EURGBP,0.807630002,0.807699978
2016-04-11T04:10:36.283000,EURGBP,0.807730019,0.807799995
2016-04-11T04:10:53.726000,EURGBP,0.807619989,0.807690024
2016-04-11T04:10:58.468000,EURGBP,0.807640016,0.807690024
2016-04-11T04:11:00.485000,EURGBP,0.807630002,0.807690024
2016-04-11T04:11:09.064000,EURGBP,0.807579994,0.807659984
2016-04-11T04:11:57.522000,EURGBP,0.807690024,0.807749987
2016-04-11T04:11:58.937000,EURGBP,0.807669997,0.807749987
2016-04-11T04:12:00.241000,EURGBP,0.807669997,0.807749987
2016-04-11T04:12:03.829000,EURGBP,0.807669997,0.807749987
2016-04-11T04:12:58.735000,EURGBP,0.807739973,0.807810009
2016-04-11T04:12:59.805000,EURGBP,0.807730019,0.807810009
2016-04-11T04:13:00.649000,EURGBP,0.807730019,0.807810009
2016-04-11T04:13:23.962000,EURGBP,0.807619989,0.807699978
2016-04-11T04:13:31.305000,EURGBP,0.807749987,0.807810009
2016-04-11T04:13:59.652000,EURGBP,0.807739973,0.807799995
2016-04-11T04:14:00.046000,EURGBP,0.807739973,0.807799995
2016-04-11T04:14:04.700000,EURGBP,0.807739973,0.807810009
2016-04-11T04:14:28.519000,EURGBP,0.807680011,0.80776
2016-04-11T04:14:59.616000,EURGBP,0.807720006,0.807799995
2016-04-11T04:15:01.136000,EURGBP,0.807720006,0.807799995
2016-04-11T04:15:16.098000,EURGBP,0.807720006,0.807799995
2016-04-11T04:15:53.211000,EURGBP,0.807680011,0.807749987
2016-04-11T04:15:59.788000,EURGBP,0.807690024,0.807749987
2016-04-11T04:16:01.310000,EURGBP,0.807690024,0.807749987
2016-04-11T04:16:05.805000,EURGBP,0.807690024,0.807749987
2016-04-11T04:16:59.040000,EURGBP,0.807560027,0.807630002
2016-04-11T04:16:59.907000,EURGBP,0.807569981,0.807640016
2016-04-11T04:17:00.077000,EURGBP,0.807569981,0.807640016
2016-04-11T04:17:06.459000,EURGBP,0.807579994,0.807640016
2016-04-11T04:17:28.793000,EURGBP,0.807470024,0.807539999
2016-04-11T04:17:59.429000,EURGBP,0.807539999,0.807569981
2016-04-11T04:18:00.429000,EURGBP,0.807539999,0.807569981
2016-04-11T04:18:15.655000,EURGBP,0.807529986,0.807569981
2016-04-11T04:18:59.980000,EURGBP,0.807579994,0.80765003
2016-04-11T04:19:00.940000,EURGBP,0.807579994,0.80765003
2016-04-11T04:19:17.677000,EURGBP,0.807600021,0.80765003
2016-04-11T04:19:59.562000,EURGBP,0.807529986,0.807600021
2016-04-11T04:20:00.961000,EURGBP,0.807529986,0.807600021
2016-04-11T04:20:11.950000,EURGBP,0.807529986,0.807590008
2016-04-11T04:20:22.934000,EURGBP,0.807630002,0.807669997
2016-04-11T04:20:59.776000,EURGBP,0.807579994,0.807640016
2016-04-11T04:21:00.090000,EURGBP,0.807579994,0.807640016
2016-04-11T04:21:00.457000,EURGBP,0.807579994,0.807640016
2016-04-11T04:21:27.485000,EURGBP,0.807529986,0.807600021
2016-04-11T04:21:59.310000,EURGBP,0.807539999,0.807609975
2016-04-11T04:22:00.247000,EURGBP,0.807539999,0.807609975
2016-04-11T04:22:11.801000,EURGBP,0.807529986,0.807609975
2016-04-11T04:22:53.284000,EURGBP,0.807640016,0.807680011
2016-04-11T04:22:59.427000,EURGBP,0.807600021,0.807669997
2016-04-11T04:23:00.430000,EURGBP,0.807600021,0.807669997
2016-04-11T04:23:22.349000,EURGBP,0.807600021,0.807669997
2016-04-11T04:23:22.667000,EURGBP,0.807619989,0.807669997
2016-04-11T04:23:58.931000,EURGBP,0.807609975,0.807669997
2016-04-11T04:24:00.132000,EURGBP,0.807609975,0.807669997
2016-04-11T04:24:01.201000,EURGBP,0.807600021,0.807669997
2016-04-11T04:24:21.371000,EURGBP,0.807659984,0.807709992
2016-04-11T04:24:59.981000,EURGBP,0.807640016,0.807680011
2016-04-11T04:25:00.000000,EURGBP,0.807640016,0.807680011
2016-04-11T04:25:00.603000,EURGBP,0.80765003,0.807680011
2016-04-11T04:25:54.992000,EURGBP,0.807500005,0.807579994
2016-04-11T04:25:59.761000,EURGBP,0.807519972,0.807600021
2016-04-11T04:26:01.606000,EURGBP,0.807519972,0.807600021
2016-04-11T04:26:39.680000,EURGBP,0.807529986,0.807609975
2016-04-11T04:26:56.775000,EURGBP,0.807479978,0.807550013
2016-04-11T04:26:59.786000,EURGBP,0.807519972,0.807590008
2016-04-11T04:27:00.720000,EURGBP,0.807519972,0.807590008
2016-04-11T04:27:00.857000,EURGBP,0.807500005,0.807569981
2016-04-11T04:27:37.900000,EURGBP,0.807609975,0.807680011
2016-04-11T04:27:59.847000,EURGBP,0.807560027,0.807640016
2016-04-11T04:28:00.228000,EURGBP,0.807560027,0.807640016
2016-04-11T04:28:04.343000,EURGBP,0.807560027,0.807640016
2016-04-11T04:28:38.851000,EURGBP,0.807380021,0.80746001
2016-04-11T04:28:59.021000,EURGBP,0.807389975,0.80746001
2016-04-11T04:29:00.638000,EURGBP,0.807389975,0.80746001
2016-04-11T04:29:05.283000,EURGBP,0.807380021,0.80746001
2016-04-11T04:29:45.040000,EURGBP,0.807489991,0.807539999
2016-04-11T04:29:59.975000,EURGBP,0.807399988,0.807470024
2016-04-11T04:30:00.018000,EURGBP,0.807399988,0.807470024
2016-04-11T04:30:01.374000,EURGBP,0.807200015,0.80726999
2016-04-11T04:30:58.148000,EURGBP,0.807500005,0.807550013
2016-04-11T04:31:00.263000,EURGBP,0.807500005,0.807550013
2016-04-11T04:31:46.873000,EURGBP,0.807449996,0.807489991
2016-04-11T04:31:47.011000,EURGBP,0.807579994,0.807630002
2016-04-11T04:31:59.466000,EURGBP,0.807539999,0.807600021
2016-04-11T04:32:00.260000,EURGBP,0.807539999,0.807600021
2016-04-11T04:32:02.444000,EURGBP,0.807539999,0.807600021
2016-04-11T04:32:13.483000,EURGBP,0.807590008,0.807659984
2016-04-11T04:32:57.905000,EURGBP,0.807569981,0.807640016
2016-04-11T04:33:00.251000,EURGBP,0.807569981,0.807640016
2016-04-11T04:33:37.206000,EURGBP,0.807699978,0.80776
2016-04-11T04:33:59.801000,EURGBP,0.807479978,0.807560027
2016-04-11T04:34:00.199000,EURGBP,0.807479978,0.807560027
2016-04-11T04:34:22.142000,EURGBP,0.807479978,0.807560027
2016-04-11T04:34:59.967000,EURGBP,0.807550013,0.807600021
2016-04-11T04:35:00.000000,EURGBP,0.807550013,0.807600021
2016-04-11T04:35:04.105000,EURGBP,0.807550013,0.807619989
2016-04-11T04:35:59.700000,EURGBP,0.807479978,0.807539999
2016-04-11T04:35:59.999000,EURGBP,0.807489991,0.807539999
2016-04-11T04:36:00.059000,EURGBP,0.807489991,0.807539999
2016-04-11T04:36:19.775000,EURGBP,0.80746001,0.807479978
2016-04-11T04:36:59.386000,EURGBP,0.807489991,0.807560027
2016-04-11T04:36:59.387000,EURGBP,0.807489991,0.807550013
2016-04-11T04:37:01.247000,EURGBP,0.807489991,0.807550013
2016-04-11T04:37:09.387000,EURGBP,0.807489991,0.807560027
2016-04-11T04:37:59.908000,EURGBP,0.807370007,0.807430029
2016-04-11T04:38:00.500000,EURGBP,0.807370007,0.807430029
2016-04-11T04:38:20.174000,EURGBP,0.807370007,0.807439983
2016-04-11T04:38:59.751000,EURGBP,0.807240009,0.807309985
2016-04-11T04:39:00.018000,EURGBP,0.807240009,0.807309985
2016-04-11T04:39:35.990000,EURGBP,0.807259977,0.807340026
2016-04-11T04:39:40.249000,EURGBP,0.807169974,0.807219982
2016-04-11T04:39:59.601000,EURGBP,0.807210028,0.807280004
2016-04-11T04:40:00.958000,EURGBP,0.807210028,0.807280004
2016-04-11T04:40:01.459000,EURGBP,0.807210028,0.807280004
2016-04-11T04:40:59.441000,EURGBP,0.807120025,0.807169974
2016-04-11T04:41:00.091000,EURGBP,0.807120025,0.807179987
2016-04-11T04:41:06.779000,EURGBP,0.807110012,0.807179987
2016-04-11T04:41:37.981000,EURGBP,0.807290018,0.807359993
2016-04-11T04:41:59.171000,EURGBP,0.807240009,0.807299972
2016-04-11T04:42:00.172000,EURGBP,0.807240009,0.807299972
2016-04-11T04:42:06.300000,EURGBP,0.807240009,0.807280004
2016-04-11T04:42:11.207000,EURGBP,0.807250023,0.807330012
2016-04-11T04:42:59.719000,EURGBP,0.807229996,0.807309985
2016-04-11T04:43:01.392000,EURGBP,0.807229996,0.807309985
2016-04-11T04:43:13.763000,EURGBP,0.807229996,0.807299972
