time,sym,bid,ask
2016-04-10T21:00:17.016000,GBPUSD,1.411280036,1.411919951
2016-04-10T21:00:26.426000,GBPUSD,1.411280036,1.411599994
2016-04-10T21:00:57.206000,GBPUSD,1.411530018,1.411919951
2016-04-10T21:01:08.612000,GBPUSD,1.411530018,1.411919951
2016-04-10T21:01:08.612000,GBPUSD,1.411530018,1.411919951
2016-04-10T21:01:26.083000,GBPUSD,1.41158998,1.411919951
2016-04-10T21:02:38.564000,GBPUSD,1.41158998,1.411919951
2016-04-10T21:02:55.604000,GBPUSD,1.41158998,1.411919951
2016-04-10T21:03:17.684000,GBPUSD,1.41158998,1.411919951
2016-04-10T21:03:59.804000,GBPUSD,1.41158998,1.411919951
2016-04-10T21:04:04.308000,GBPUSD,1.41158998,1.411900043
2016-04-10T21:04:04.308000,GBPUSD,1.41158998,1.411900043
2016-04-10T21:04:18.655000,GBPUSD,1.410079956,1.411260009
2016-04-10T21:04:58.706000,GBPUSD,1.410740018,1.411460042
2016-04-10T21:05:00.186000,GBPUSD,1.410740018,1.411460042
2016-04-10T21:05:25.001000,GBPUSD,1.410760045,1.411679983
2016-04-10T21:05:58.587000,GBPUSD,1.410519958,1.41110003
2016-04-10T21:06:00.654000,GBPUSD,1.410519958,1.41110003
2016-04-10T21:06:14.714000,GBPUSD,1.410449982,1.41110003
2016-04-10T21:06:37.608000,GBPUSD,1.410789967,1.411849976
2016-04-10T21:06:58.751000,GBPUSD,1.41087997,1.411610007
2016-04-10T21:07:07.027000,GBPUSD,1.410899997,1.411610007
2016-04-10T21:07:22.654000,GBPUSD,1.410899997,1.411610007
2016-04-10T21:07:48.528000,GBPUSD,1.410840034,1.411610007
2016-04-10T21:08:00.602000,GBPUSD,1.410840034,1.411610007
2016-04-10T21:08:00.603000,GBPUSD,1.410840034,1.411610007
2016-04-10T21:08:48.657000,GBPUSD,1.411080003,1.412019968
2016-04-10T21:09:16.676000,GBPUSD,1.411080003,1.412109971
2016-04-10T21:09:22.062000,GBPUSD,1.411080003,1.412109971
2016-04-10T21:09:31.162000,GBPUSD,1.411139965,1.412109971
2016-04-10T21:09:55.829000,GBPUSD,1.41110003,1.412109971
2016-04-10T21:10:01.031000,GBPUSD,1.41110003,1.412109971
2016-04-10T21:10:14.700000,GBPUSD,1.41110003,1.412109971
2016-04-10T21:10:45.426000,GBPUSD,1.411249995,1.412109971
2016-04-10T21:10:45.428000,GBPUSD,1.411239982,1.412109971
2016-04-10T21:11:06.427000,GBPUSD,1.411239982,1.412109971
2016-04-10T21:11:34.602000,GBPUSD,1.411239982,1.412109971
2016-04-10T21:11:49.802000,GBPUSD,1.412299991,1.412510037
2016-04-10T21:11:59.204000,GBPUSD,1.411530018,1.412359953
2016-04-10T21:12:02.205000,GBPUSD,1.411530018,1.412359953
2016-04-10T21:12:02.702000,GBPUSD,1.411530018,1.412359953
2016-04-10T21:12:19.267000,GBPUSD,1.411820054,1.412410021
2016-04-10T21:12:59.299000,GBPUSD,1.411870003,1.412310004
2016-04-10T21:13:03.830000,GBPUSD,1.411870003,1.412310004
2016-04-10T21:13:54.467000,GBPUSD,1.411829948,1.412310004
2016-04-10T21:13:56.827000,GBPUSD,1.411829948,1.412389994
2016-04-10T21:13:58.588000,GBPUSD,1.411820054,1.412389994
2016-04-10T21:14:00.600000,GBPUSD,1.411820054,1.412389994
2016-04-10T21:14:00.606000,GBPUSD,1.411820054,1.412389994
2016-04-10T21:14:18.588000,GBPUSD,1.411870003,1.412389994
2016-04-10T21:14:57.100000,GBPUSD,1.411859989,1.412389994
2016-04-10T21:15:02.927000,GBPUSD,1.411859989,1.412389994
2016-04-10T21:15:23.928000,GBPUSD,1.411859989,1.412389994
2016-04-10T21:15:51.029000,GBPUSD,1.411900043,1.412389994
2016-04-10T21:16:09.299000,GBPUSD,1.411900043,1.412389994
2016-04-10T21:16:09.476000,GBPUSD,1.411929965,1.412389994
2016-04-10T21:16:29.128000,GBPUSD,1.411880016,1.412389994
2016-04-10T21:16:59.934000,GBPUSD,1.41189003,1.412389994
2016-04-10T21:17:01.937000,GBPUSD,1.41189003,1.41237998
2016-04-10T21:17:16.343000,GBPUSD,1.411769986,1.412240028
2016-04-10T21:17:39.700000,GBPUSD,1.411939979,1.41237998
2016-04-10T21:17:59.330000,GBPUSD,1.41181004,1.41237998
2016-04-10T21:18:01.654000,GBPUSD,1.41181004,1.41237998
2016-04-10T21:18:07.655000,GBPUSD,1.411880016,1.41237998
2016-04-10T21:18:58.588000,GBPUSD,1.411800027,1.41237998
2016-04-10T21:19:18.590000,GBPUSD,1.411800027,1.41237998
2016-04-10T21:19:40.028000,GBPUSD,1.411800027,1.41237998
2016-04-10T21:19:58.590000,GBPUSD,1.411790013,1.412350059
2016-04-10T21:20:16.526000,GBPUSD,1.411829948,1.412350059
2016-04-10T21:20:58.590000,GBPUSD,1.411829948,1.412350059
2016-04-10T21:21:18.228000,GBPUSD,1.41181004,1.412350059
2016-04-10T21:21:57.872000,GBPUSD,1.41181004,1.412350059
2016-04-10T21:21:59.635000,GBPUSD,1.411880016,1.412350059
2016-04-10T21:22:08.822000,GBPUSD,1.411880016,1.412350059
2016-04-10T21:22:08.822000,GBPUSD,1.411880016,1.412350059
2016-04-10T21:22:25.827000,GBPUSD,1.411820054,1.412350059
2016-04-10T21:22:58.588000,GBPUSD,1.411820054,1.41237998
2016-04-10T21:23:13.014000,GBPUSD,1.411829948,1.41237998
2016-04-10T21:23:52.443000,GBPUSD,1.411829948,1.41237998
2016-04-10T21:24:01.841000,GBPUSD,1.411870003,1.41237998
2016-04-10T21:24:38.588000,GBPUSD,1.411870003,1.41237998
2016-04-10T21:24:58.588000,GBPUSD,1.411870003,1.412359953
2016-04-10T21:25:01.010000,GBPUSD,1.411870003,1.412359953
2016-04-10T21:25:01.010000,GBPUSD,1.411870003,1.412359953
2016-04-10T21:25:41.754000,GBPUSD,1.411880016,1.412359953
2016-04-10T21:26:06.242000,GBPUSD,1.411880016,1.412359953
2016-04-10T21:26:35.642000,GBPUSD,1.411880016,1.412359953
2016-04-10T21:26:53.044000,GBPUSD,1.411849976,1.412350059
2016-04-10T21:27:00.242000,GBPUSD,1.411849976,1.412350059
2016-04-10T21:27:43.968000,GBPUSD,1.411829948,1.412359953
2016-04-10T21:27:58.589000,GBPUSD,1.411999941,1.412479997
2016-04-10T21:28:03.500000,GBPUSD,1.411999941,1.412479997
2016-04-10T21:28:03.508000,GBPUSD,1.411999941,1.412510037
2016-04-10T21:28:18.600000,GBPUSD,1.411859989,1.41245997
2016-04-10T21:28:55.693000,GBPUSD,1.411849976,1.412500024
2016-04-10T21:29:01.140000,GBPUSD,1.411849976,1.412500024
2016-04-10T21:29:16.629000,GBPUSD,1.411829948,1.412500024
2016-04-10T21:29:43.478000,GBPUSD,1.411839962,1.412529945
2016-04-10T21:29:53.595000,GBPUSD,1.411829948,1.412520051
2016-04-10T21:30:05.694000,GBPUSD,1.411829948,1.412520051
2016-04-10T21:30:48.331000,GBPUSD,1.411839962,1.412529945
2016-04-10T21:30:58.589000,GBPUSD,1.411849976,1.412420034
2016-04-10T21:30:59.827000,GBPUSD,1.411870003,1.412420034
2016-04-10T21:31:00.194000,GBPUSD,1.411870003,1.412420034
2016-04-10T21:31:35.705000,GBPUSD,1.411880016,1.412439942
2016-04-10T21:31:51.926000,GBPUSD,1.411870003,1.412420034
2016-04-10T21:31:51.927000,GBPUSD,1.411880016,1.412420034
2016-04-10T21:32:08.317000,GBPUSD,1.411880016,1.412420034
2016-04-10T21:32:53.042000,GBPUSD,1.411880016,1.412420034
2016-04-10T21:33:22.795000,GBPUSD,1.411880016,1.412420034
2016-04-10T21:33:55.416000,GBPUSD,1.411880016,1.412420034
2016-04-10T21:34:00.024000,GBPUSD,1.411880016,1.412439942
2016-04-10T21:34:59.799000,GBPUSD,1.411880016,1.412439942
2016-04-10T21:35:05.696000,GBPUSD,1.411880016,1.412439942
2016-04-10T21:35:12.255000,GBPUSD,1.411880016,1.412439942
2016-04-10T21:35:58.707000,GBPUSD,1.411900043,1.412469983
2016-04-10T21:36:03.242000,GBPUSD,1.411900043,1.412469983
2016-04-10T21:36:03.428000,GBPUSD,1.411900043,1.412469983
2016-04-10T21:36:57.515000,GBPUSD,1.41181004,1.412340045
2016-04-10T21:36:57.516000,GBPUSD,1.411820054,1.412340045
2016-04-10T21:37:00.526000,GBPUSD,1.411820054,1.412340045
2016-04-10T21:37:46.496000,GBPUSD,1.411820054,1.412340045
2016-04-10T21:37:49.706000,GBPUSD,1.411800027,1.412260056
2016-04-10T21:37:58.588000,GBPUSD,1.41189003,1.412230015
2016-04-10T21:38:00.230000,GBPUSD,1.411880016,1.412230015
2016-04-10T21:38:50.942000,GBPUSD,1.411880016,1.412230015
2016-04-10T21:39:04.663000,GBPUSD,1.411880016,1.412230015
2016-04-10T21:39:50.505000,GBPUSD,1.41189003,1.412119985
2016-04-10T21:39:55.607000,GBPUSD,1.411999941,1.412160039
2016-04-10T21:39:58.588000,GBPUSD,1.411980033,1.412150025
2016-04-10T21:40:00.754000,GBPUSD,1.411980033,1.412140012
2016-04-10T21:40:14.743000,GBPUSD,1.411980033,1.412119985
2016-04-10T21:40:45.532000,GBPUSD,1.412029982,1.412299991
2016-04-10T21:40:58.589000,GBPUSD,1.41189003,1.412310004
2016-04-10T21:41:00.018000,GBPUSD,1.41189003,1.412320018
2016-04-10T21:41:00.018000,GBPUSD,1.41189003,1.412320018
2016-04-10T21:41:59.005000,GBPUSD,1.411880016,1.412320018
2016-04-10T21:42:04.021000,GBPUSD,1.411880016,1.412289977
2016-04-10T21:42:26.642000,GBPUSD,1.411880016,1.412289977
2016-04-10T21:42:45.843000,GBPUSD,1.411880016,1.412299991
2016-04-10T21:43:18.400000,GBPUSD,1.411880016,1.412299991
2016-04-10T21:43:38.042000,GBPUSD,1.411880016,1.412299991
2016-04-10T21:44:08.298000,GBPUSD,1.411880016,1.412310004
2016-04-10T21:44:40.994000,GBPUSD,1.411880016,1.412310004
2016-04-10T21:44:43.016000,GBPUSD,1.411880016,1.412330031
2016-04-10T21:45:09.155000,GBPUSD,1.411880016,1.412330031
2016-04-10T21:45:34.004000,GBPUSD,1.411839962,1.412299991
2016-04-10T21:45:59.526000,GBPUSD,1.411990047,1.41237998
2016-04-10T21:46:00.242000,GBPUSD,1.411990047,1.41237998
2016-04-10T21:46:08.834000,GBPUSD,1.412029982,1.412389994
2016-04-10T21:46:44.123000,GBPUSD,1.411990047,1.41237998
2016-04-10T21:46:59.342000,GBPUSD,1.411990047,1.412389994
2016-04-10T21:47:01.726000,GBPUSD,1.411990047,1.412389994
2016-04-10T21:47:51.242000,GBPUSD,1.411990047,1.412389994
2016-04-10T21:48:00.243000,GBPUSD,1.411990047,1.412389994
2016-04-10T21:48:42.175000,GBPUSD,1.411990047,1.412359953
2016-04-10T21:48:58.548000,GBPUSD,1.412009954,1.412439942
2016-04-10T21:49:00.542000,GBPUSD,1.412009954,1.412439942
2016-04-10T21:49:00.542000,GBPUSD,1.412009954,1.412439942
2016-04-10T21:49:58.590000,GBPUSD,1.412039995,1.412439942
2016-04-10T21:50:02.400000,GBPUSD,1.412039995,1.412430048
2016-04-10T21:50:02.401000,GBPUSD,1.412039995,1.412430048
2016-04-10T21:50:18.589000,GBPUSD,1.41208005,1.412479997
2016-04-10T21:50:47.017000,GBPUSD,1.412089944,1.412469983
2016-04-10T21:51:03.626000,GBPUSD,1.412089944,1.412469983
2016-04-10T21:51:54.842000,GBPUSD,1.412089944,1.412469983
2016-04-10T21:51:55.829000,GBPUSD,1.412089944,1.412479997
2016-04-10T21:52:01.742000,GBPUSD,1.412089944,1.412479997
2016-04-10T21:52:41.011000,GBPUSD,1.412089944,1.412469983
2016-04-10T21:52:59.028000,GBPUSD,1.412089944,1.412479997
2016-04-10T21:53:07.299000,GBPUSD,1.412089944,1.412469983
2016-04-10T21:53:14.213000,GBPUSD,1.412089944,1.412420034
2016-04-10T21:53:58.128000,GBPUSD,1.412089944,1.412469983
2016-04-10T21:54:00.701000,GBPUSD,1.412089944,1.412469983
2016-04-10T21:54:45.128000,GBPUSD,1.412089944,1.412469983
2016-04-10T21:54:55.230000,GBPUSD,1.412089944,1.412430048
2016-04-10T21:55:00.014000,GBPUSD,1.412089944,1.412430048
2016-04-10T21:55:58.328000,GBPUSD,1.412089944,1.412430048
2016-04-10T21:55:58.329000,GBPUSD,1.412089944,1.412469983
2016-04-10T21:56:12.168000,GBPUSD,1.412089944,1.412469983
2016-04-10T21:56:40.141000,GBPUSD,1.412089944,1.41245997
2016-04-10T21:56:56.445000,GBPUSD,1.412089944,1.41249001
2016-04-10T21:57:02.444000,GBPUSD,1.412089944,1.41249001
2016-04-10T21:57:55.801000,GBPUSD,1.412089944,1.412430048
2016-04-10T21:57:59.043000,GBPUSD,1.412179947,1.412469983
2016-04-10T21:58:00.700000,GBPUSD,1.412179947,1.41245997
2016-04-10T21:58:15.924000,GBPUSD,1.412070036,1.412369967
2016-04-10T21:58:59.845000,GBPUSD,1.412170053,1.412500024
2016-04-10T21:59:02.230000,GBPUSD,1.412170053,1.412500024
2016-04-10T21:59:22.143000,GBPUSD,1.412170053,1.412500024
2016-04-10T21:59:57.017000,GBPUSD,1.412170053,1.41249001
2016-04-10T22:00:00.012000,GBPUSD,1.412170053,1.41249001
2016-04-10T22:00:12.975000,GBPUSD,1.412140012,1.412520051
2016-04-10T22:00:59.143000,GBPUSD,1.412449956,1.412879944
2016-04-10T22:00:59.799000,GBPUSD,1.412449956,1.412850022
2016-04-10T22:01:00.317000,GBPUSD,1.412449956,1.412850022
2016-04-10T22:01:06.006000,GBPUSD,1.412510037,1.412909985
2016-04-10T22:01:22.900000,GBPUSD,1.412389994,1.412789941
2016-04-10T22:01:59.804000,GBPUSD,1.41249001,1.412760019
2016-04-10T22:02:00.354000,GBPUSD,1.41249001,1.412760019
2016-04-10T22:02:06.213000,GBPUSD,1.41249001,1.412760019
2016-04-10T22:02:58.530000,GBPUSD,1.412320018,1.41268003
2016-04-10T22:02:59.999000,GBPUSD,1.412400007,1.412750006
2016-04-10T22:03:00.007000,GBPUSD,1.412400007,1.412750006
2016-04-10T22:03:08.394000,GBPUSD,1.412400007,1.412760019
2016-04-10T22:03:54.472000,GBPUSD,1.412340045,1.412700057
2016-04-10T22:03:58.589000,GBPUSD,1.412359953,1.412709951
2016-04-10T22:04:03.499000,GBPUSD,1.412359953,1.412709951
2016-04-10T22:04:17.068000,GBPUSD,1.412410021,1.412750006
2016-04-10T22:04:56.414000,GBPUSD,1.412359953,1.41268003
2016-04-10T22:04:59.847000,GBPUSD,1.41237998,1.41268003
2016-04-10T22:05:00.087000,GBPUSD,1.41237998,1.41268003
2016-04-10T22:05:10.127000,GBPUSD,1.41237998,1.412690043
2016-04-10T22:05:29.388000,GBPUSD,1.412359953,1.412660003
2016-04-10T22:05:59.813000,GBPUSD,1.412369967,1.412660003
2016-04-10T22:06:00.053000,GBPUSD,1.412369967,1.412660003
2016-04-10T22:06:28.629000,GBPUSD,1.412369967,1.412670016
2016-04-10T22:06:53.641000,GBPUSD,1.412330031,1.412660003
2016-04-10T22:06:59.642000,GBPUSD,1.412340045,1.412660003
2016-04-10T22:07:00.129000,GBPUSD,1.412340045,1.412670016
2016-04-10T22:07:04.895000,GBPUSD,1.412340045,1.412670016
2016-04-10T22:07:59.675000,GBPUSD,1.412539959,1.412850022
2016-04-10T22:08:01.564000,GBPUSD,1.412539959,1.412850022
2016-04-10T22:08:25.654000,GBPUSD,1.412529945,1.412860036
2016-04-10T22:08:37.329000,GBPUSD,1.412510037,1.412799954
2016-04-10T22:08:59.822000,GBPUSD,1.412529945,1.412829995
2016-04-10T22:09:00.201000,GBPUSD,1.412529945,1.412829995
2016-04-10T22:09:13.669000,GBPUSD,1.412520051,1.412829995
2016-04-10T22:09:53.491000,GBPUSD,1.412549973,1.412879944
2016-04-10T22:09:58.020000,GBPUSD,1.412539959,1.412870049
2016-04-10T22:10:00.500000,GBPUSD,1.412539959,1.412870049
2016-04-10T22:10:06.400000,GBPUSD,1.412580013,1.412919998
2016-04-10T22:10:52.803000,GBPUSD,1.412350059,1.412649989
2016-04-10T22:10:59.378000,GBPUSD,1.412350059,1.41268003
2016-04-10T22:11:00.035000,GBPUSD,1.412350059,1.41268003
2016-04-10T22:11:09.375000,GBPUSD,1.412289977,1.41268003
2016-04-10T22:11:50.641000,GBPUSD,1.412430048,1.412850022
2016-04-10T22:11:59.999000,GBPUSD,1.412410021,1.412819982
2016-04-10T22:12:00.103000,GBPUSD,1.412410021,1.412819982
2016-04-10T22:12:26.664000,GBPUSD,1.412420034,1.412829995
2016-04-10T22:12:59.329000,GBPUSD,1.412410021,1.412819982
2016-04-10T22:13:00.685000,GBPUSD,1.412410021,1.412819982
2016-04-10T22:13:21.358000,GBPUSD,1.412410021,1.412799954
2016-04-10T22:13:34.903000,GBPUSD,1.412529945,1.412899971
2016-04-10T22:13:59.640000,GBPUSD,1.412529945,1.412889957
2016-04-10T22:14:00.475000,GBPUSD,1.412529945,1.412889957
2016-04-10T22:14:11.041000,GBPUSD,1.412510037,1.412889957
2016-04-10T22:14:53.956000,GBPUSD,1.412559986,1.412909985
2016-04-10T22:14:56.825000,GBPUSD,1.412549973,1.412909985
2016-04-10T22:15:00.054000,GBPUSD,1.412549973,1.412909985
2016-04-10T22:15:25.989000,GBPUSD,1.412559986,1.412909985
2016-04-10T22:15:57.095000,GBPUSD,1.412549973,1.412909985
2016-04-10T22:16:04.482000,GBPUSD,1.412549973,1.412909985
2016-04-10T22:16:11.329000,GBPUSD,1.412549973,1.412909985
2016-04-10T22:16:46.692000,GBPUSD,1.412439942,1.412770033
2016-04-10T22:16:58.880000,GBPUSD,1.412449956,1.412770033
2016-04-10T22:17:01.842000,GBPUSD,1.412449956,1.412770033
2016-04-10T22:17:31.502000,GBPUSD,1.412449956,1.412770033
2016-04-10T22:17:58.588000,GBPUSD,1.41249001,1.412780046
2016-04-10T22:18:00.896000,GBPUSD,1.41249001,1.412780046
2016-04-10T22:18:04.085000,GBPUSD,1.41249001,1.412819982
2016-04-10T22:18:52.658000,GBPUSD,1.41249001,1.412739992
2016-04-10T22:18:58.442000,GBPUSD,1.41249001,1.412780046
2016-04-10T22:19:00.901000,GBPUSD,1.41249001,1.412780046
2016-04-10T22:19:29.732000,GBPUSD,1.41249001,1.412809968
2016-04-10T22:19:52.031000,GBPUSD,1.41249001,1.412700057
2016-04-10T22:19:59.970000,GBPUSD,1.41249001,1.412709951
2016-04-10T22:20:00.264000,GBPUSD,1.41249001,1.412709951
2016-04-10T22:20:04.191000,GBPUSD,1.41249001,1.412709951
2016-04-10T22:20:04.500000,GBPUSD,1.412289977,1.412619948
2016-04-10T22:20:59.559000,GBPUSD,1.41237998,1.412690043
2016-04-10T22:21:04.876000,GBPUSD,1.41237998,1.412690043
2016-04-10T22:21:54.841000,GBPUSD,1.412369967,1.412690043
2016-04-10T22:21:56.473000,GBPUSD,1.41237998,1.412690043
2016-04-10T22:22:03.615000,GBPUSD,1.41237998,1.412690043
2016-04-10T22:22:20.290000,GBPUSD,1.412340045,1.412670016
2016-04-10T22:22:57.042000,GBPUSD,1.41237998,1.412719965
2016-04-10T22:23:08.341000,GBPUSD,1.41237998,1.412719965
2016-04-10T22:23:11.675000,GBPUSD,1.41237998,1.412719965
2016-04-10T22:23:59.970000,GBPUSD,1.412479997,1.412799954
2016-04-10T22:24:00.152000,GBPUSD,1.412479997,1.412799954
2016-04-10T22:24:46.540000,GBPUSD,1.412479997,1.412799954
2016-04-10T22:24:56.915000,GBPUSD,1.412469983,1.412799954
2016-04-10T22:25:00.893000,GBPUSD,1.412479997,1.412799954
2016-04-10T22:25:30.282000,GBPUSD,1.41260004,1.412799954
2016-04-10T22:25:58.589000,GBPUSD,1.412479997,1.412760019
2016-04-10T22:26:40.301000,GBPUSD,1.412469983,1.412760019
2016-04-10T22:26:57.542000,GBPUSD,1.412469983,1.412750006
2016-04-10T22:26:58.228000,GBPUSD,1.412479997,1.412760019
2016-04-10T22:27:21.856000,GBPUSD,1.412479997,1.412760019
2016-04-10T22:27:21.857000,GBPUSD,1.412479997,1.412760019
2016-04-10T22:27:58.589000,GBPUSD,1.412520051,1.412760019
2016-04-10T22:28:08.594000,GBPUSD,1.412529945,1.412760019
2016-04-10T22:28:21.042000,GBPUSD,1.412520051,1.412760019
2016-04-10T22:28:26.458000,GBPUSD,1.412709951,1.41297996
2016-04-10T22:28:58.589000,GBPUSD,1.412639976,1.412899971
2016-04-10T22:29:04.551000,GBPUSD,1.412639976,1.412899971
2016-04-10T22:29:18.202000,GBPUSD,1.412719965,1.412989974
2016-04-10T22:29:24.276000,GBPUSD,1.412559986,1.412770033
2016-04-10T22:29:59.589000,GBPUSD,1.412559986,1.412809968
2016-04-10T22:30:01.829000,GBPUSD,1.412559986,1.412809968
2016-04-10T22:30:40.021000,GBPUSD,1.412559986,1.412809968
2016-04-10T22:30:53.244000,GBPUSD,1.412539959,1.412750006
2016-04-10T22:30:59.729000,GBPUSD,1.412549973,1.412770033
2016-04-10T22:31:03.520000,GBPUSD,1.412549973,1.412770033
2016-04-10T22:31:21.291000,GBPUSD,1.412559986,1.412770033
2016-04-10T22:31:40.899000,GBPUSD,1.412439942,1.412660003
2016-04-10T22:31:58.588000,GBPUSD,1.412469983,1.412700057
2016-04-10T22:32:00.242000,GBPUSD,1.412469983,1.412700057
2016-04-10T22:32:42.847000,GBPUSD,1.412770033,1.413010001
2016-04-10T22:32:59.999000,GBPUSD,1.41237998,1.412619948
2016-04-10T22:33:00.001000,GBPUSD,1.41237998,1.412629962
2016-04-10T22:33:03.827000,GBPUSD,1.412389994,1.412619948
2016-04-10T22:33:04.013000,GBPUSD,1.41257,1.412760019
2016-04-10T22:33:59.999000,GBPUSD,1.412539959,1.412760019
2016-04-10T22:34:00.001000,GBPUSD,1.412539959,1.412760019
2016-04-10T22:34:29.505000,GBPUSD,1.412510037,1.412719965
2016-04-10T22:34:58.205000,GBPUSD,1.412709951,1.412909985
2016-04-10T22:34:59.301000,GBPUSD,1.412719965,1.412889957
2016-04-10T22:35:01.144000,GBPUSD,1.412719965,1.412889957
2016-04-10T22:35:45.205000,GBPUSD,1.412700057,1.412860036
2016-04-10T22:35:49.822000,GBPUSD,1.412770033,1.412909985
2016-04-10T22:35:58.618000,GBPUSD,1.412760019,1.412899971
2016-04-10T22:36:00.620000,GBPUSD,1.412760019,1.412899971
2016-04-10T22:36:57.666000,GBPUSD,1.412809968,1.412969947
2016-04-10T22:36:58.002000,GBPUSD,1.412670016,1.412870049
2016-04-10T22:36:59.656000,GBPUSD,1.412700057,1.412870049
2016-04-10T22:37:00.784000,GBPUSD,1.412700057,1.412870049
2016-04-10T22:37:17.800000,GBPUSD,1.412649989,1.412860036
2016-04-10T22:37:51.056000,GBPUSD,1.412819982,1.412969947
2016-04-10T22:37:59.017000,GBPUSD,1.412799954,1.412969947
2016-04-10T22:38:01.720000,GBPUSD,1.412789941,1.412969947
2016-04-10T22:38:13.810000,GBPUSD,1.41268003,1.412889957
2016-04-10T22:38:55.514000,GBPUSD,1.412809968,1.412960052
2016-04-10T22:38:59.612000,GBPUSD,1.412750006,1.412930012
2016-04-10T22:39:03.176000,GBPUSD,1.412750006,1.412930012
2016-04-10T22:39:25.102000,GBPUSD,1.412739992,1.412919998
2016-04-10T22:39:57.915000,GBPUSD,1.412829995,1.413010001
2016-04-10T22:39:59.819000,GBPUSD,1.412809968,1.412989974
2016-04-10T22:40:00.771000,GBPUSD,1.412809968,1.412989974
2016-04-10T22:40:01.472000,GBPUSD,1.412809968,1.412989974
2016-04-10T22:40:59.863000,GBPUSD,1.412770033,1.412930012
2016-04-10T22:41:01.112000,GBPUSD,1.412770033,1.412950039
2016-04-10T22:41:37.828000,GBPUSD,1.412770033,1.412940025
2016-04-10T22:41:38.047000,GBPUSD,1.412819982,1.413010001
2016-04-10T22:41:59.817000,GBPUSD,1.412789941,1.412940025
2016-04-10T22:42:00.057000,GBPUSD,1.412789941,1.412940025
2016-04-10T22:42:13.597000,GBPUSD,1.412850022,1.413010001
2016-04-10T22:42:40.313000,GBPUSD,1.412479997,1.412629962
2016-04-10T22:42:59.983000,GBPUSD,1.412660003,1.412840009
2016-04-10T22:43:00.000000,GBPUSD,1.412660003,1.412840009
2016-04-10T22:43:48.932000,GBPUSD,1.412660003,1.412850022
2016-04-10T22:43:56.114000,GBPUSD,1.412629962,1.412850022
2016-04-10T22:44:01.521000,GBPUSD,1.412629962,1.412850022
2016-04-10T22:44:42.069000,GBPUSD,1.412629962,1.412850022
2016-04-10T22:44:59.643000,GBPUSD,1.412760019,1.412950039
2016-04-10T22:45:02.396000,GBPUSD,1.412750006,1.412960052
2016-04-10T22:45:10.901000,GBPUSD,1.412760019,1.412960052
2016-04-10T22:45:58.029000,GBPUSD,1.412729979,1.412919998
2016-04-10T22:46:04.740000,GBPUSD,1.412729979,1.412919998
2016-04-10T22:46:31.279000,GBPUSD,1.412729979,1.412919998
2016-04-10T22:46:59.302000,GBPUSD,1.412889957,1.413020015
2016-04-10T22:47:02.555000,GBPUSD,1.412889957,1.413020015
2016-04-10T22:47:21.413000,GBPUSD,1.412889957,1.413020015
2016-04-10T22:47:59.791000,GBPUSD,1.412840009,1.413010001
2016-04-10T22:48:03.302000,GBPUSD,1.412840009,1.413010001
2016-04-10T22:48:44.593000,GBPUSD,1.412840009,1.413010001
2016-04-10T22:48:58.442000,GBPUSD,1.412819982,1.412999988
2016-04-10T22:49:05.427000,GBPUSD,1.412819982,1.412999988
2016-04-10T22:49:44.106000,GBPUSD,1.412819982,1.412999988
2016-04-10T22:49:56.630000,GBPUSD,1.412729979,1.412899971
2016-04-10T22:50:00.085000,GBPUSD,1.412729979,1.412899971
2016-04-10T22:50:25.629000,GBPUSD,1.412719965,1.412860036
2016-04-10T22:50:25.958000,GBPUSD,1.412760019,1.412940025
2016-04-10T22:50:59.158000,GBPUSD,1.412739992,1.412889957
2016-04-10T22:51:00.021000,GBPUSD,1.412739992,1.412889957
2016-04-10T22:51:01.683000,GBPUSD,1.412760019,1.412930012
2016-04-10T22:51:59.665000,GBPUSD,1.412529945,1.412700057
2016-04-10T22:52:00.068000,GBPUSD,1.412529945,1.412700057
2016-04-10T22:52:01.683000,GBPUSD,1.412529945,1.412700057
2016-04-10T22:52:37.281000,GBPUSD,1.412639976,1.412700057
2016-04-10T22:52:59.076000,GBPUSD,1.412590027,1.412700057
2016-04-10T22:53:00.275000,GBPUSD,1.412590027,1.412700057
2016-04-10T22:53:57.822000,GBPUSD,1.412590027,1.412700057
2016-04-10T22:54:00.242000,GBPUSD,1.412590027,1.412700057
2016-04-10T22:54:40.860000,GBPUSD,1.412590027,1.412700057
2016-04-10T22:54:59.893000,GBPUSD,1.412690043,1.412700057
2016-04-10T22:54:59.926000,GBPUSD,1.41268003,1.412700057
2016-04-10T22:55:00.898000,GBPUSD,1.41268003,1.412700057
2016-04-10T22:55:42.139000,GBPUSD,1.412690043,1.412700057
2016-04-10T22:55:58.144000,GBPUSD,1.412610054,1.412700057
2016-04-10T22:56:01.650000,GBPUSD,1.41260004,1.412700057
2016-04-10T22:56:44.751000,GBPUSD,1.412629962,1.412700057
2016-04-10T22:56:57.106000,GBPUSD,1.412539959,1.412700057
2016-04-10T22:56:59.043000,GBPUSD,1.41260004,1.412700057
2016-04-10T22:57:00.000000,GBPUSD,1.412529945,1.412700057
2016-04-10T22:57:36.112000,GBPUSD,1.412529945,1.412700057
2016-04-10T22:57:58.588000,GBPUSD,1.41260004,1.412700057
2016-04-10T22:58:01.652000,GBPUSD,1.41260004,1.412700057
2016-04-10T22:58:31.603000,GBPUSD,1.41260004,1.412700057
2016-04-10T22:58:58.573000,GBPUSD,1.412649989,1.412700057
2016-04-10T22:59:00.513000,GBPUSD,1.412639976,1.412700057
2016-04-10T22:59:01.525000,GBPUSD,1.412639976,1.412700057
2016-04-10T22:59:38.906000,GBPUSD,1.41260004,1.412700057
2016-04-10T22:59:57.013000,GBPUSD,1.412610054,1.412700057
2016-04-10T23:00:00.151000,GBPUSD,1.412610054,1.412700057
2016-04-10T23:00:01.600000,GBPUSD,1.412629962,1.412700057
2016-04-10T23:00:59.997000,GBPUSD,1.412500024,1.41260004
2016-04-10T23:01:00.002000,GBPUSD,1.412500024,1.41260004
2016-04-10T23:01:01.095000,GBPUSD,1.412500024,1.412580013
2016-04-10T23:01:44.254000,GBPUSD,1.412520051,1.412670016
2016-04-10T23:01:57.334000,GBPUSD,1.412510037,1.412670016
2016-04-10T23:02:00.343000,GBPUSD,1.412510037,1.412670016
2016-04-10T23:02:03.184000,GBPUSD,1.412500024,1.412639976
2016-04-10T23:02:49.494000,GBPUSD,1.412629962,1.412700057
2016-04-10T23:02:59.817000,GBPUSD,1.412610054,1.412700057
2016-04-10T23:03:01.142000,GBPUSD,1.412610054,1.412700057
2016-04-10T23:03:20.868000,GBPUSD,1.412590027,1.412700057
2016-04-10T23:03:58.589000,GBPUSD,1.412610054,1.412700057
2016-04-10T23:04:05.604000,GBPUSD,1.412610054,1.412700057
2016-04-10T23:04:55.065000,GBPUSD,1.41260004,1.412709951
2016-04-10T23:04:59.498000,GBPUSD,1.412610054,1.412709951
2016-04-10T23:05:00.504000,GBPUSD,1.412610054,1.412709951
2016-04-10T23:05:21.267000,GBPUSD,1.412660003,1.412709951
2016-04-10T23:05:22.009000,GBPUSD,1.412590027,1.412709951
2016-04-10T23:05:58.527000,GBPUSD,1.412629962,1.412709951
2016-04-10T23:06:01.537000,GBPUSD,1.412629962,1.412709951
2016-04-10T23:06:15.872000,GBPUSD,1.412629962,1.412709951
2016-04-10T23:06:59.014000,GBPUSD,1.412500024,1.412619948
2016-04-10T23:07:01.370000,GBPUSD,1.412500024,1.412619948
2016-04-10T23:07:11.207000,GBPUSD,1.412529945,1.412700057
2016-04-10T23:07:45.536000,GBPUSD,1.412449956,1.412580013
2016-04-10T23:07:58.178000,GBPUSD,1.412449956,1.412590027
2016-04-10T23:08:00.310000,GBPUSD,1.412449956,1.412590027
2016-04-10T23:08:02.662000,GBPUSD,1.412469983,1.412619948
2016-04-10T23:08:35.726000,GBPUSD,1.41226995,1.412449956
2016-04-10T23:08:56.024000,GBPUSD,1.41237998,1.41249001
2016-04-10T23:09:00.467000,GBPUSD,1.412369967,1.41249001
2016-04-10T23:09:06.928000,GBPUSD,1.412389994,1.41249001
2016-04-10T23:09:46.501000,GBPUSD,1.412230015,1.412389994
2016-04-10T23:09:58.588000,GBPUSD,1.412240028,1.412389994
2016-04-10T23:10:00.610000,GBPUSD,1.412240028,1.412389994
2016-04-10T23:10:00.614000,GBPUSD,1.412240028,1.412389994
2016-04-10T23:10:58.643000,GBPUSD,1.412449956,1.41245997
2016-04-10T23:10:59.325000,GBPUSD,1.412430048,1.41245997
2016-04-10T23:11:01.250000,GBPUSD,1.412430048,1.41245997
2016-04-10T23:11:19.608000,GBPUSD,1.412430048,1.41245997
2016-04-10T23:11:20.102000,GBPUSD,1.412350059,1.41245997
2016-04-10T23:11:58.588000,GBPUSD,1.412410021,1.41245997
2016-04-10T23:12:00.003000,GBPUSD,1.412410021,1.412479997
2016-04-10T23:12:38.588000,GBPUSD,1.412410021,1.412479997
2016-04-10T23:12:58.412000,GBPUSD,1.412389994,1.412479997
2016-04-10T23:13:00.502000,GBPUSD,1.412389994,1.412479997
2016-04-10T23:13:00.540000,GBPUSD,1.412400007,1.412479997
2016-04-10T23:13:27.800000,GBPUSD,1.412220001,1.412389994
2016-04-10T23:13:58.671000,GBPUSD,1.412260056,1.41237998
2016-04-10T23:14:00.865000,GBPUSD,1.412250042,1.41237998
2016-04-10T23:14:13.161000,GBPUSD,1.412289977,1.412400007
2016-04-10T23:14:50.000000,GBPUSD,1.41218996,1.412359953
2016-04-10T23:14:59.200000,GBPUSD,1.412220001,1.412350059
2016-04-10T23:15:00.052000,GBPUSD,1.412230015,1.412350059
2016-04-10T23:15:35.071000,GBPUSD,1.412289977,1.412400007
2016-04-10T23:15:46.207000,GBPUSD,1.412170053,1.412320018
2016-04-10T23:15:59.416000,GBPUSD,1.412170053,1.412330031
2016-04-10T23:16:01.643000,GBPUSD,1.412170053,1.412330031
2016-04-10T23:16:05.731000,GBPUSD,1.41218996,1.412310004
2016-04-10T23:16:58.590000,GBPUSD,1.41226995,1.412410021
2016-04-10T23:17:01.453000,GBPUSD,1.41226995,1.412410021
2016-04-10T23:17:42.735000,GBPUSD,1.41226995,1.412400007
2016-04-10T23:17:56.016000,GBPUSD,1.412310004,1.412439942
2016-04-10T23:17:56.162000,GBPUSD,1.412299991,1.412439942
2016-04-10T23:18:00.032000,GBPUSD,1.412299991,1.412439942
2016-04-10T23:18:01.088000,GBPUSD,1.412289977,1.412439942
2016-04-10T23:18:59.703000,GBPUSD,1.41249001,1.412639976
2016-04-10T23:18:59.877000,GBPUSD,1.412469983,1.412639976
2016-04-10T23:19:00.102000,GBPUSD,1.412469983,1.412619948
2016-04-10T23:19:00.503000,GBPUSD,1.412469983,1.412619948
2016-04-10T23:19:09.223000,GBPUSD,1.412639976,1.412809968
2016-04-10T23:19:59.016000,GBPUSD,1.41260004,1.412739992
2016-04-10T23:20:01.062000,GBPUSD,1.41260004,1.412739992
2016-04-10T23:20:02.476000,GBPUSD,1.412639976,1.412760019
2016-04-10T23:20:42.802000,GBPUSD,1.412310004,1.41249001
2016-04-10T23:20:55.401000,GBPUSD,1.412359953,1.412500024
2016-04-10T23:21:01.617000,GBPUSD,1.412359953,1.412500024
2016-04-10T23:21:06.400000,GBPUSD,1.412350059,1.412510037
2016-04-10T23:21:45.819000,GBPUSD,1.412350059,1.412430048
2016-04-10T23:21:55.627000,GBPUSD,1.412350059,1.412469983
2016-04-10T23:22:12.482000,GBPUSD,1.412350059,1.412449956
2016-04-10T23:22:34.233000,GBPUSD,1.412350059,1.412449956
2016-04-10T23:22:38.005000,GBPUSD,1.412369967,1.412500024
2016-04-10T23:22:56.775000,GBPUSD,1.412359953,1.41249001
2016-04-10T23:23:00.004000,GBPUSD,1.412359953,1.41249001
2016-04-10T23:23:27.034000,GBPUSD,1.412359953,1.412479997
2016-04-10T23:23:58.589000,GBPUSD,1.41249001,1.412619948
2016-04-10T23:24:01.690000,GBPUSD,1.41249001,1.412619948
2016-04-10T23:24:01.690000,GBPUSD,1.41249001,1.412619948
2016-04-10T23:24:56.375000,GBPUSD,1.412529945,1.412690043
2016-04-10T23:24:59.157000,GBPUSD,1.412520051,1.412670016
2016-04-10T23:25:00.158000,GBPUSD,1.412520051,1.412670016
2016-04-10T23:25:18.047000,GBPUSD,1.412520051,1.412639976
2016-04-10T23:25:59.013000,GBPUSD,1.412610054,1.412719965
2016-04-10T23:26:08.250000,GBPUSD,1.412610054,1.412719965
2016-04-10T23:26:08.261000,GBPUSD,1.412610054,1.412719965
2016-04-10T23:26:59.748000,GBPUSD,1.412739992,1.412809968
2016-04-10T23:26:59.994000,GBPUSD,1.412719965,1.412809968
2016-04-10T23:27:00.520000,GBPUSD,1.412719965,1.412809968
2016-04-10T23:27:23.434000,GBPUSD,1.41268003,1.412829995
2016-04-10T23:27:49.615000,GBPUSD,1.412760019,1.412860036
2016-04-10T23:28:00.424000,GBPUSD,1.412739992,1.412860036
2016-04-10T23:28:34.874000,GBPUSD,1.412780046,1.412909985
2016-04-10T23:28:38.272000,GBPUSD,1.412639976,1.412799954
2016-04-10T23:28:58.588000,GBPUSD,1.412700057,1.412809968
2016-04-10T23:29:01.612000,GBPUSD,1.412700057,1.412809968
2016-04-10T23:29:01.617000,GBPUSD,1.412700057,1.412809968
2016-04-10T23:29:44.066000,GBPUSD,1.412789941,1.412899971
2016-04-10T23:29:59.410000,GBPUSD,1.412750006,1.412879944
2016-04-10T23:30:00.060000,GBPUSD,1.412750006,1.412879944
2016-04-10T23:30:00.060000,GBPUSD,1.412750006,1.412879944
2016-04-10T23:30:05.838000,GBPUSD,1.412420034,1.41260004
2016-04-10T23:30:59.683000,GBPUSD,1.412590027,1.412719965
2016-04-10T23:31:00.686000,GBPUSD,1.412590027,1.412719965
2016-04-10T23:31:00.686000,GBPUSD,1.412590027,1.412719965
2016-04-10T23:31:49.410000,GBPUSD,1.412639976,1.412760019
2016-04-10T23:31:58.589000,GBPUSD,1.412629962,1.412760019
2016-04-10T23:32:00.145000,GBPUSD,1.412629962,1.412760019
2016-04-10T23:32:03.543000,GBPUSD,1.412629962,1.412750006
2016-04-10T23:32:59.331000,GBPUSD,1.412660003,1.412770033
2016-04-10T23:33:01.608000,GBPUSD,1.412660003,1.412770033
2016-04-10T23:33:29.205000,GBPUSD,1.412660003,1.412760019
2016-04-10T23:33:51.967000,GBPUSD,1.412660003,1.412770033
2016-04-10T23:34:00.701000,GBPUSD,1.412660003,1.412770033
2016-04-10T23:34:20.994000,GBPUSD,1.412670016,1.412770033
2016-04-10T23:34:54.045000,GBPUSD,1.412639976,1.412729979
2016-04-10T23:34:59.761000,GBPUSD,1.412639976,1.412739992
2016-04-10T23:35:00.766000,GBPUSD,1.412639976,1.412739992
2016-04-10T23:35:07.046000,GBPUSD,1.412660003,1.412760019
2016-04-10T23:35:50.452000,GBPUSD,1.412629962,1.412729979
2016-04-10T23:35:58.589000,GBPUSD,1.412639976,1.412729979
2016-04-10T23:36:00.496000,GBPUSD,1.412639976,1.412729979
2016-04-10T23:36:31.628000,GBPUSD,1.412629962,1.412729979
2016-04-10T23:36:40.513000,GBPUSD,1.412649989,1.412750006
2016-04-10T23:36:58.514000,GBPUSD,1.412639976,1.412739992
2016-04-10T23:37:00.600000,GBPUSD,1.412629962,1.412739992
2016-04-10T23:37:21.692000,GBPUSD,1.412629962,1.412709951
2016-04-10T23:37:59.519000,GBPUSD,1.412660003,1.412770033
2016-04-10T23:37:59.740000,GBPUSD,1.412639976,1.412750006
2016-04-10T23:38:00.609000,GBPUSD,1.412639976,1.412750006
2016-04-10T23:38:50.478000,GBPUSD,1.412549973,1.41268003
2016-04-10T23:38:59.847000,GBPUSD,1.412919998,1.413020015
2016-04-10T23:39:00.050000,GBPUSD,1.412919998,1.413020015
2016-04-10T23:39:19.300000,GBPUSD,1.412829995,1.412940025
2016-04-10T23:39:58.774000,GBPUSD,1.412919998,1.413030028
2016-04-10T23:40:01.141000,GBPUSD,1.412919998,1.413030028
2016-04-10T23:40:28.302000,GBPUSD,1.412950039,1.413020015
2016-04-10T23:40:46.263000,GBPUSD,1.412919998,1.413010001
2016-04-10T23:40:59.178000,GBPUSD,1.412919998,1.413020015
2016-04-10T23:41:00.012000,GBPUSD,1.412919998,1.413020015
2016-04-10T23:41:01.691000,GBPUSD,1.412930012,1.413020015
2016-04-10T23:41:03.901000,GBPUSD,1.412799954,1.412889957
2016-04-10T23:41:51.026000,GBPUSD,1.412889957,1.41297996
2016-04-10T23:42:01.354000,GBPUSD,1.412889957,1.41297996
2016-04-10T23:42:52.402000,GBPUSD,1.412889957,1.412969947
2016-04-10T23:42:58.590000,GBPUSD,1.412930012,1.41297996
2016-04-10T23:43:00.203000,GBPUSD,1.412930012,1.412969947
2016-04-10T23:43:12.394000,GBPUSD,1.412930012,1.41297996
2016-04-10T23:43:14.201000,GBPUSD,1.412809968,1.412850022
2016-04-10T23:43:59.752000,GBPUSD,1.412899971,1.41297996
2016-04-10T23:44:00.389000,GBPUSD,1.412889957,1.41297996
2016-04-10T23:44:39.354000,GBPUSD,1.412899971,1.412969947
2016-04-10T23:44:58.587000,GBPUSD,1.412919998,1.412989974
2016-04-10T23:45:01.427000,GBPUSD,1.412919998,1.412989974
2016-04-10T23:45:01.803000,GBPUSD,1.412919998,1.412989974
2016-04-10T23:45:40.500000,GBPUSD,1.412590027,1.412709951
2016-04-10T23:45:59.817000,GBPUSD,1.412780046,1.412870049
2016-04-10T23:46:00.818000,GBPUSD,1.412780046,1.412870049
2016-04-10T23:46:07.145000,GBPUSD,1.412780046,1.412860036
2016-04-10T23:46:58.591000,GBPUSD,1.412889957,1.412960052
2016-04-10T23:47:00.014000,GBPUSD,1.412889957,1.412960052
2016-04-10T23:47:02.006000,GBPUSD,1.412889957,1.41297996
2016-04-10T23:47:45.374000,GBPUSD,1.412850022,1.412950039
2016-04-10T23:47:58.588000,GBPUSD,1.412850022,1.412960052
2016-04-10T23:48:01.162000,GBPUSD,1.412850022,1.412960052
2016-04-10T23:48:04.548000,GBPUSD,1.412860036,1.412950039
2016-04-10T23:48:59.877000,GBPUSD,1.412809968,1.412879944
2016-04-10T23:49:00.871000,GBPUSD,1.412809968,1.412879944
2016-04-10T23:49:10.588000,GBPUSD,1.412809968,1.412879944
2016-04-10T23:49:13.877000,GBPUSD,1.412789941,1.412829995
2016-04-10T23:49:59.684000,GBPUSD,1.412789941,1.412879944
2016-04-10T23:50:00.691000,GBPUSD,1.412789941,1.412879944
2016-04-10T23:50:32.301000,GBPUSD,1.412739992,1.412819982
2016-04-10T23:50:45.272000,GBPUSD,1.412809968,1.412870049
2016-04-10T23:50:59.323000,GBPUSD,1.412799954,1.412870049
2016-04-10T23:51:00.327000,GBPUSD,1.412799954,1.412870049
2016-04-10T23:51:46.567000,GBPUSD,1.412750006,1.412840009
2016-04-10T23:51:59.478000,GBPUSD,1.412819982,1.412870049
2016-04-10T23:52:00.050000,GBPUSD,1.412819982,1.412870049
2016-04-10T23:52:00.061000,GBPUSD,1.412819982,1.412870049
2016-04-10T23:52:46.411000,GBPUSD,1.412860036,1.412940025
2016-04-10T23:52:59.953000,GBPUSD,1.412819982,1.412899971
2016-04-10T23:53:00.000000,GBPUSD,1.412819982,1.412899971
2016-04-10T23:53:00.000000,GBPUSD,1.412819982,1.412899971
2016-04-10T23:53:48.163000,GBPUSD,1.412690043,1.412760019
2016-04-10T23:53:59.967000,GBPUSD,1.412719965,1.412789941
2016-04-10T23:54:00.615000,GBPUSD,1.412719965,1.412789941
2016-04-10T23:54:00.791000,GBPUSD,1.412719965,1.412809968
2016-04-10T23:54:30.572000,GBPUSD,1.412670016,1.412739992
2016-04-10T23:54:59.775000,GBPUSD,1.412690043,1.412760019
2016-04-10T23:55:00.548000,GBPUSD,1.412690043,1.412760019
2016-04-10T23:55:10.461000,GBPUSD,1.412670016,1.412750006
2016-04-10T23:55:54.800000,GBPUSD,1.412709951,1.412760019
2016-04-10T23:55:59.565000,GBPUSD,1.412690043,1.412750006
2016-04-10T23:56:00.567000,GBPUSD,1.412690043,1.412750006
2016-04-10T23:56:35.101000,GBPUSD,1.41268003,1.412760019
2016-04-10T23:56:59.806000,GBPUSD,1.412700057,1.412770033
2016-04-10T23:57:00.214000,GBPUSD,1.412700057,1.412770033
2016-04-10T23:57:10.601000,GBPUSD,1.412660003,1.412750006
2016-04-10T23:57:59.743000,GBPUSD,1.412719965,1.412760019
2016-04-10T23:58:00.473000,GBPUSD,1.412700057,1.412760019
2016-04-10T23:58:07.184000,GBPUSD,1.41268003,1.412760019
2016-04-10T23:58:35.561000,GBPUSD,1.412940025,1.413040042
2016-04-10T23:58:58.920000,GBPUSD,1.412879944,1.412940025
2016-04-10T23:59:00.375000,GBPUSD,1.412879944,1.412940025
2016-04-10T23:59:05.182000,GBPUSD,1.412840009,1.412919998
2016-04-10T23:59:59.902000,GBPUSD,1.41297996,1.413069963
2016-04-11T00:01:21.973000,GBPUSD,1.412930012,1.412989974
2016-04-11T00:01:24.227000,GBPUSD,1.412960052,1.412999988
2016-04-11T00:01:59.733000,GBPUSD,1.412879944,1.412950039
2016-04-11T00:02:00.273000,GBPUSD,1.412879944,1.412950039
2016-04-11T00:02:47.766000,GBPUSD,1.412919998,1.412989974
2016-04-11T00:02:59.597000,GBPUSD,1.412829995,1.412950039
2016-04-11T00:03:02.576000,GBPUSD,1.412829995,1.412950039
2016-04-11T00:03:21.275000,GBPUSD,1.412809968,1.412919998
2016-04-11T00:03:34.232000,GBPUSD,1.412860036,1.412950039
2016-04-11T00:03:58.682000,GBPUSD,1.412829995,1.412940025
2016-04-11T00:04:02.300000,GBPUSD,1.412829995,1.412940025
2016-04-11T00:04:33.367000,GBPUSD,1.412870049,1.412950039
2016-04-11T00:04:33.924000,GBPUSD,1.412799954,1.412919998
2016-04-11T00:04:59.331000,GBPUSD,1.412819982,1.412940025
2016-04-11T00:05:00.211000,GBPUSD,1.412819982,1.412940025
2016-04-11T00:05:02.217000,GBPUSD,1.412819982,1.412940025
2016-04-11T00:05:32.819000,GBPUSD,1.412709951,1.412829995
2016-04-11T00:05:58.587000,GBPUSD,1.412739992,1.412840009
2016-04-11T00:06:00.200000,GBPUSD,1.412739992,1.412840009
2016-04-11T00:06:02.785000,GBPUSD,1.412709951,1.412809968
2016-04-11T00:06:43.467000,GBPUSD,1.412799954,1.412909985
2016-04-11T00:06:59.279000,GBPUSD,1.412770033,1.412879944
2016-04-11T00:07:00.060000,GBPUSD,1.412770033,1.412879944
2016-04-11T00:07:00.670000,GBPUSD,1.412760019,1.412870049
2016-04-11T00:07:36.899000,GBPUSD,1.412909985,1.412999988
2016-04-11T00:07:59.657000,GBPUSD,1.412829995,1.412940025
2016-04-11T00:08:00.044000,GBPUSD,1.412829995,1.412940025
2016-04-11T00:08:03.405000,GBPUSD,1.412870049,1.412960052
2016-04-11T00:08:27.162000,GBPUSD,1.412739992,1.412860036
2016-04-11T00:08:59.451000,GBPUSD,1.412829995,1.412940025
2016-04-11T00:09:01.407000,GBPUSD,1.412829995,1.412940025
2016-04-11T00:09:18.393000,GBPUSD,1.412829995,1.412940025
2016-04-11T00:09:45.617000,GBPUSD,1.412909985,1.413010001
2016-04-11T00:09:58.139000,GBPUSD,1.412899971,1.413010001
2016-04-11T00:10:00.113000,GBPUSD,1.412899971,1.413010001
2016-04-11T00:10:20.672000,GBPUSD,1.412919998,1.413010001
2016-04-11T00:10:47.557000,GBPUSD,1.412750006,1.412850022
2016-04-11T00:10:59.471000,GBPUSD,1.412760019,1.412870049
2016-04-11T00:11:00.040000,GBPUSD,1.412760019,1.412870049
2016-04-11T00:11:01.771000,GBPUSD,1.412729979,1.412819982
2016-04-11T00:11:49.800000,GBPUSD,1.412850022,1.412950039
2016-04-11T00:11:58.059000,GBPUSD,1.412770033,1.412879944
2016-04-11T00:12:00.363000,GBPUSD,1.412770033,1.412879944
2016-04-11T00:12:28.872000,GBPUSD,1.412850022,1.412919998
2016-04-11T00:12:46.670000,GBPUSD,1.412780046,1.412860036
2016-04-11T00:12:59.983000,GBPUSD,1.412809968,1.412889957
2016-04-11T00:13:00.004000,GBPUSD,1.412809968,1.412889957
2016-04-11T00:13:00.004000,GBPUSD,1.412809968,1.412889957
2016-04-11T00:13:19.272000,GBPUSD,1.412770033,1.412840009
2016-04-11T00:13:59.338000,GBPUSD,1.412789941,1.412889957
2016-04-11T00:14:00.344000,GBPUSD,1.412789941,1.412889957
2016-04-11T00:14:03.365000,GBPUSD,1.412789941,1.412889957
2016-04-11T00:14:41.341000,GBPUSD,1.412909985,1.413010001
2016-04-11T00:14:59.174000,GBPUSD,1.412909985,1.412989974
2016-04-11T00:15:00.150000,GBPUSD,1.412899971,1.412989974
2016-04-11T00:15:00.167000,GBPUSD,1.412899971,1.412989974
2016-04-11T00:15:15.723000,GBPUSD,1.412879944,1.412969947
2016-04-11T00:16:00.470000,GBPUSD,1.412889957,1.41297996
2016-04-11T00:15:59.468000,GBPUSD,1.412889957,1.41297996
2016-04-11T00:16:05.412000,GBPUSD,1.412889957,1.41297996
2016-04-11T00:16:40.568000,GBPUSD,1.412729979,1.412829995
2016-04-11T00:16:58.935000,GBPUSD,1.412739992,1.412829995
2016-04-11T00:17:00.533000,GBPUSD,1.412739992,1.412829995
2016-04-11T00:17:00.800000,GBPUSD,1.412739992,1.412829995
2016-04-11T00:17:43.875000,GBPUSD,1.412819982,1.412919998
2016-04-11T00:17:59.085000,GBPUSD,1.412819982,1.412909985
2016-04-11T00:18:00.841000,GBPUSD,1.412819982,1.412919998
2016-04-11T00:18:07.800000,GBPUSD,1.412770033,1.412870049
2016-04-11T00:18:39.081000,GBPUSD,1.412829995,1.412919998
2016-04-11T00:18:57.800000,GBPUSD,1.412819982,1.412909985
2016-04-11T00:19:00.431000,GBPUSD,1.412819982,1.412909985
2016-04-11T00:19:46.084000,GBPUSD,1.412780046,1.412879944
2016-04-11T00:19:53.910000,GBPUSD,1.412829995,1.412909985
2016-04-11T00:19:59.928000,GBPUSD,1.412789941,1.412899971
2016-04-11T00:20:00.273000,GBPUSD,1.412799954,1.412899971
2016-04-11T00:20:14.100000,GBPUSD,1.412819982,1.412899971
2016-04-11T00:20:59.649000,GBPUSD,1.412719965,1.412780046
2016-04-11T00:21:00.169000,GBPUSD,1.412719965,1.412780046
2016-04-11T00:21:56.496000,GBPUSD,1.412719965,1.412770033
2016-04-11T00:21:57.300000,GBPUSD,1.412770033,1.412829995
2016-04-11T00:21:58.808000,GBPUSD,1.412729979,1.412819982
2016-04-11T00:22:00.459000,GBPUSD,1.412729979,1.412819982
2016-04-11T00:22:14.901000,GBPUSD,1.412760019,1.412840009
2016-04-11T00:22:31.816000,GBPUSD,1.412709951,1.412789941
2016-04-11T00:22:59.213000,GBPUSD,1.412739992,1.412829995
2016-04-11T00:23:00.215000,GBPUSD,1.412739992,1.412829995
2016-04-11T00:23:03.593000,GBPUSD,1.412739992,1.412829995
2016-04-11T00:23:58.034000,GBPUSD,1.412870049,1.412960052
2016-04-11T00:23:59.584000,GBPUSD,1.412819982,1.412909985
2016-04-11T00:24:00.137000,GBPUSD,1.412809968,1.412909985
2016-04-11T00:24:20.492000,GBPUSD,1.412829995,1.412909985
2016-04-11T00:24:50.612000,GBPUSD,1.412729979,1.412780046
2016-04-11T00:24:56.292000,GBPUSD,1.412729979,1.412789941
2016-04-11T00:25:00.025000,GBPUSD,1.412729979,1.412789941
2016-04-11T00:25:01.305000,GBPUSD,1.412729979,1.412789941
2016-04-11T00:25:03.602000,GBPUSD,1.412760019,1.412829995
2016-04-11T00:25:59.778000,GBPUSD,1.412739992,1.412780046
2016-04-11T00:26:00.100000,GBPUSD,1.412739992,1.412780046
2016-04-11T00:26:05.255000,GBPUSD,1.412739992,1.412789941
2016-04-11T00:26:37.801000,GBPUSD,1.412639976,1.412700057
2016-04-11T00:26:59.728000,GBPUSD,1.412660003,1.412700057
2016-04-11T00:27:00.210000,GBPUSD,1.412660003,1.412700057
2016-04-11T00:27:00.930000,GBPUSD,1.412660003,1.412700057
2016-04-11T00:27:56.574000,GBPUSD,1.412559986,1.412649989
2016-04-11T00:27:58.007000,GBPUSD,1.41260004,1.412700057
2016-04-11T00:28:00.013000,GBPUSD,1.41260004,1.412700057
2016-04-11T00:28:36.043000,GBPUSD,1.412660003,1.412739992
2016-04-11T00:28:59.304000,GBPUSD,1.412590027,1.41260004
2016-04-11T00:29:01.304000,GBPUSD,1.412590027,1.41260004
2016-04-11T00:29:01.988000,GBPUSD,1.412559986,1.41260004
2016-04-11T00:29:56.925000,GBPUSD,1.412590027,1.41260004
2016-04-11T00:30:22.291000,GBPUSD,1.41260004,1.412619948
2016-04-11T00:30:32.484000,GBPUSD,1.412539959,1.412639976
2016-04-11T00:30:39.924000,GBPUSD,1.412690043,1.412780046
2016-04-11T00:30:58.663000,GBPUSD,1.412670016,1.412780046
2016-04-11T00:31:00.667000,GBPUSD,1.412670016,1.412780046
2016-04-11T00:31:00.667000,GBPUSD,1.412670016,1.412780046
2016-04-11T00:31:59.990000,GBPUSD,1.412479997,1.412590027
2016-04-11T00:32:00.050000,GBPUSD,1.412479997,1.412590027
2016-04-11T00:32:15.175000,GBPUSD,1.412500024,1.412610054
2016-04-11T00:32:53.958000,GBPUSD,1.412420034,1.412559986
2016-04-11T00:32:59.824000,GBPUSD,1.412430048,1.412559986
2016-04-11T00:33:00.829000,GBPUSD,1.412430048,1.412559986
2016-04-11T00:33:10.305000,GBPUSD,1.412430048,1.412539959
2016-04-11T00:33:58.080000,GBPUSD,1.41245997,1.412580013
2016-04-11T00:34:01.084000,GBPUSD,1.41245997,1.412580013
2016-04-11T00:34:01.654000,GBPUSD,1.41245997,1.412580013
2016-04-11T00:34:57.497000,GBPUSD,1.41260004,1.412709951
2016-04-11T00:35:00.097000,GBPUSD,1.41260004,1.412709951
2016-04-11T00:35:00.097000,GBPUSD,1.41260004,1.412709951
2016-04-11T00:35:30.318000,GBPUSD,1.412479997,1.41260004
2016-04-11T00:35:58.588000,GBPUSD,1.412559986,1.412660003
2016-04-11T00:36:00.508000,GBPUSD,1.412559986,1.412660003
2016-04-11T00:36:09.744000,GBPUSD,1.412520051,1.412629962
2016-04-11T00:36:22.999000,GBPUSD,1.41257,1.412670016
2016-04-11T00:36:59.802000,GBPUSD,1.412529945,1.412649989
2016-04-11T00:37:00.127000,GBPUSD,1.412529945,1.412649989
2016-04-11T00:37:58.602000,GBPUSD,1.412539959,1.412649989
2016-04-11T00:37:59.879000,GBPUSD,1.412520051,1.412629962
2016-04-11T00:38:00.069000,GBPUSD,1.412529945,1.412629962
2016-04-11T00:38:22.978000,GBPUSD,1.412549973,1.412670016
2016-04-11T00:38:52.502000,GBPUSD,1.412529945,1.412619948
2016-04-11T00:38:59.984000,GBPUSD,1.412529945,1.412649989
2016-04-11T00:39:00.290000,GBPUSD,1.412529945,1.412649989
2016-04-11T00:39:17.376000,GBPUSD,1.412529945,1.412649989
2016-04-11T00:39:50.522000,GBPUSD,1.412629962,1.412729979
2016-04-11T00:39:58.828000,GBPUSD,1.412619948,1.412719965
2016-04-11T00:40:00.832000,GBPUSD,1.412619948,1.412719965
2016-04-11T00:40:37.697000,GBPUSD,1.412729979,1.412809968
2016-04-11T00:40:59.809000,GBPUSD,1.412619948,1.412719965
2016-04-11T00:41:01.884000,GBPUSD,1.412619948,1.412719965
2016-04-11T00:41:26.300000,GBPUSD,1.412629962,1.412729979
2016-04-11T00:41:56.230000,GBPUSD,1.412449956,1.412539959
2016-04-11T00:41:59.967000,GBPUSD,1.412500024,1.412549973
2016-04-11T00:42:00.845000,GBPUSD,1.412500024,1.412549973
2016-04-11T00:42:01.083000,GBPUSD,1.412510037,1.41257
2016-04-11T00:42:39.366000,GBPUSD,1.412400007,1.412469983
2016-04-11T00:42:59.098000,GBPUSD,1.412410021,1.412500024
2016-04-11T00:43:00.007000,GBPUSD,1.412410021,1.412500024
2016-04-11T00:43:36.139000,GBPUSD,1.412400007,1.41249001
2016-04-11T00:43:41.519000,GBPUSD,1.412439942,1.412510037
2016-04-11T00:43:59.732000,GBPUSD,1.412420034,1.412500024
2016-04-11T00:44:00.074000,GBPUSD,1.412420034,1.412510037
2016-04-11T00:44:28.528000,GBPUSD,1.412479997,1.412529945
2016-04-11T00:44:53.875000,GBPUSD,1.412400007,1.412479997
2016-04-11T00:44:59.817000,GBPUSD,1.412400007,1.412500024
2016-04-11T00:45:00.129000,GBPUSD,1.412400007,1.412500024
2016-04-11T00:45:08.685000,GBPUSD,1.41245997,1.412520051
2016-04-11T00:45:41.903000,GBPUSD,1.412389994,1.41249001
2016-04-11T00:45:59.793000,GBPUSD,1.412400007,1.412510037
2016-04-11T00:46:02.805000,GBPUSD,1.412400007,1.412510037
2016-04-11T00:46:13.767000,GBPUSD,1.412410021,1.412500024
2016-04-11T00:46:59.199000,GBPUSD,1.412420034,1.412520051
2016-04-11T00:47:00.200000,GBPUSD,1.412420034,1.412520051
2016-04-11T00:47:03.076000,GBPUSD,1.412420034,1.412520051
2016-04-11T00:47:59.812000,GBPUSD,1.41208005,1.412140012
2016-04-11T00:48:00.150000,GBPUSD,1.412089944,1.412140012
2016-04-11T00:48:12.978000,GBPUSD,1.412089944,1.412160039
2016-04-11T00:48:58.588000,GBPUSD,1.41189003,1.411970019
2016-04-11T00:49:01.433000,GBPUSD,1.41189003,1.411970019
2016-04-11T00:49:46.606000,GBPUSD,1.411939979,1.411999941
2016-04-11T00:49:49.540000,GBPUSD,1.411820054,1.411939979
2016-04-11T00:49:59.152000,GBPUSD,1.411859989,1.411970019
2016-04-11T00:50:00.073000,GBPUSD,1.411859989,1.411970019
2016-04-11T00:50:09.100000,GBPUSD,1.411870003,1.411980033
2016-04-11T00:50:36.204000,GBPUSD,1.411820054,1.411910057
2016-04-11T00:50:59.844000,GBPUSD,1.411829948,1.411910057
2016-04-11T00:51:00.036000,GBPUSD,1.411829948,1.411910057
2016-04-11T00:51:28.836000,GBPUSD,1.411900043,1.411910057
2016-04-11T00:51:39.184000,GBPUSD,1.411659956,1.411730051
2016-04-11T00:51:58.588000,GBPUSD,1.411689997,1.411790013
2016-04-11T00:52:00.649000,GBPUSD,1.411689997,1.411790013
2016-04-11T00:52:00.866000,GBPUSD,1.411689997,1.411790013
2016-04-11T00:52:27.101000,GBPUSD,1.411509991,1.41158998
2016-04-11T00:52:58.872000,GBPUSD,1.411640048,1.411710024
2016-04-11T00:53:00.379000,GBPUSD,1.411640048,1.411710024
2016-04-11T00:53:02.628000,GBPUSD,1.411649942,1.41170001
2016-04-11T00:53:28.864000,GBPUSD,1.411739945,1.411749959
2016-04-11T00:53:58.745000,GBPUSD,1.41170001,1.411749959
2016-04-11T00:54:00.057000,GBPUSD,1.41170001,1.411749959
2016-04-11T00:54:01.586000,GBPUSD,1.41170001,1.411749959
2016-04-11T00:54:37.936000,GBPUSD,1.411820054,1.411870003
2016-04-11T00:54:59.962000,GBPUSD,1.41178,1.411870003
2016-04-11T00:55:00.002000,GBPUSD,1.41178,1.411870003
2016-04-11T00:55:34.370000,GBPUSD,1.411839962,1.411929965
2016-04-11T00:55:59.977000,GBPUSD,1.41170001,1.411759973
2016-04-11T00:56:00.576000,GBPUSD,1.41170001,1.411759973
2016-04-11T00:56:06.003000,GBPUSD,1.41170001,1.411759973
2016-04-11T00:56:23.101000,GBPUSD,1.411759973,1.41189003
2016-04-11T00:56:59.707000,GBPUSD,1.411739945,1.411829948
2016-04-11T00:57:00.177000,GBPUSD,1.411739945,1.411829948
2016-04-11T00:57:10.466000,GBPUSD,1.41170001,1.411800027
2016-04-11T00:57:40.454000,GBPUSD,1.411759973,1.411870003
2016-04-11T00:57:59.704000,GBPUSD,1.411720037,1.411839962
2016-04-11T00:58:00.067000,GBPUSD,1.411720037,1.411839962
2016-04-11T00:58:47.831000,GBPUSD,1.411769986,1.411880016
2016-04-11T00:58:59.293000,GBPUSD,1.411710024,1.411820054
2016-04-11T00:59:00.131000,GBPUSD,1.411710024,1.411820054
2016-04-11T00:59:20.079000,GBPUSD,1.411649942,1.411749959
2016-04-11T00:59:57.173000,GBPUSD,1.411790013,1.411880016
2016-04-11T00:59:59.491000,GBPUSD,1.41178,1.411880016
2016-04-11T01:00:00.306000,GBPUSD,1.41178,1.411880016
2016-04-11T01:00:33.703000,GBPUSD,1.411880016,1.411980033
2016-04-11T01:00:47.202000,GBPUSD,1.41178,1.411870003
2016-04-11T01:00:59.063000,GBPUSD,1.411829948,1.411929965
2016-04-11T01:01:00.066000,GBPUSD,1.411829948,1.411929965
2016-04-11T01:01:04.289000,GBPUSD,1.411859989,1.411949992
2016-04-11T01:01:26.007000,GBPUSD,1.411749959,1.411849976
2016-04-11T01:01:59.673000,GBPUSD,1.411790013,1.411900043
2016-04-11T01:02:00.679000,GBPUSD,1.411790013,1.411900043
2016-04-11T01:02:03.100000,GBPUSD,1.411790013,1.411900043
2016-04-11T01:02:36.662000,GBPUSD,1.41166997,1.411759973
2016-04-11T01:02:59.111000,GBPUSD,1.411679983,1.411759973
2016-04-11T01:03:00.114000,GBPUSD,1.411679983,1.411759973
2016-04-11T01:03:14.400000,GBPUSD,1.41166997,1.411759973
2016-04-11T01:03:50.432000,GBPUSD,1.41178,1.41189003
2016-04-11T01:03:59.727000,GBPUSD,1.411769986,1.41189003
2016-04-11T01:04:00.328000,GBPUSD,1.411769986,1.41189003
2016-04-11T01:04:19.505000,GBPUSD,1.411790013,1.411900043
2016-04-11T01:04:36.591000,GBPUSD,1.411739945,1.41181004
2016-04-11T01:04:58.981000,GBPUSD,1.411749959,1.411849976
2016-04-11T01:05:00.036000,GBPUSD,1.411749959,1.411849976
2016-04-11T01:05:00.700000,GBPUSD,1.411739945,1.411849976
2016-04-11T01:05:12.293000,GBPUSD,1.411820054,1.411910057
2016-04-11T01:05:59.641000,GBPUSD,1.41178,1.41189003
2016-04-11T01:06:00.222000,GBPUSD,1.41178,1.41189003
2016-04-11T01:06:09.902000,GBPUSD,1.411829948,1.411929965
2016-04-11T01:06:54.214000,GBPUSD,1.41170001,1.411839962
2016-04-11T01:06:59.980000,GBPUSD,1.411710024,1.411839962
2016-04-11T01:07:00.001000,GBPUSD,1.411710024,1.411839962
2016-04-11T01:07:06.571000,GBPUSD,1.411649942,1.411769986
2016-04-11T01:07:58.406000,GBPUSD,1.411759973,1.411870003
2016-04-11T01:07:59.271000,GBPUSD,1.411739945,1.411870003
2016-04-11T01:08:00.244000,GBPUSD,1.411739945,1.411870003
2016-04-11T01:08:04.730000,GBPUSD,1.411689997,1.41181004
2016-04-11T01:08:36.278000,GBPUSD,1.411749959,1.411859989
2016-04-11T01:08:59.961000,GBPUSD,1.411720037,1.411820054
2016-04-11T01:09:00.828000,GBPUSD,1.411720037,1.411820054
2016-04-11T01:09:05.714000,GBPUSD,1.411749959,1.411849976
2016-04-11T01:09:51.771000,GBPUSD,1.41170001,1.41181004
2016-04-11T01:09:58.821000,GBPUSD,1.411739945,1.411849976
2016-04-11T01:10:01.412000,GBPUSD,1.411739945,1.411849976
2016-04-11T01:10:18.074000,GBPUSD,1.411739945,1.411849976
2016-04-11T01:10:46.364000,GBPUSD,1.411769986,1.411859989
2016-04-11T01:10:59.403000,GBPUSD,1.411749959,1.411859989
2016-04-11T01:11:01.901000,GBPUSD,1.411749959,1.411859989
2016-04-11T01:11:24.801000,GBPUSD,1.411710024,1.41178
2016-04-11T01:11:55.771000,GBPUSD,1.411820054,1.411929965
2016-04-11T01:11:59.782000,GBPUSD,1.41181004,1.411919951
2016-04-11T01:12:00.148000,GBPUSD,1.41181004,1.411919951
2016-04-11T01:12:00.151000,GBPUSD,1.41181004,1.411919951
2016-04-11T01:12:32.844000,GBPUSD,1.411910057,1.411960006
2016-04-11T01:12:58.200000,GBPUSD,1.411870003,1.411960006
2016-04-11T01:13:04.592000,GBPUSD,1.411870003,1.411960006
2016-04-11T01:13:24.164000,GBPUSD,1.411939979,1.411960006
2016-04-11T01:13:37.445000,GBPUSD,1.411859989,1.411949992
2016-04-11T01:13:59.455000,GBPUSD,1.411900043,1.411949992
2016-04-11T01:14:00.040000,GBPUSD,1.411900043,1.411949992
2016-04-11T01:14:43.259000,GBPUSD,1.411759973,1.411839962
2016-04-11T01:14:59.311000,GBPUSD,1.411919951,1.411949992
2016-04-11T01:14:59.970000,GBPUSD,1.41178,1.411859989
2016-04-11T01:15:00.038000,GBPUSD,1.41178,1.411859989
2016-04-11T01:15:05.457000,GBPUSD,1.41181004,1.411900043
2016-04-11T01:15:50.363000,GBPUSD,1.411739945,1.411820054
2016-04-11T01:15:59.334000,GBPUSD,1.411759973,1.411870003
2016-04-11T01:16:00.501000,GBPUSD,1.411759973,1.411870003
2016-04-11T01:16:02.761000,GBPUSD,1.411759973,1.411870003
2016-04-11T01:16:45.232000,GBPUSD,1.411859989,1.411970019
2016-04-11T01:16:59.850000,GBPUSD,1.411790013,1.41189003
2016-04-11T01:17:00.127000,GBPUSD,1.411790013,1.41189003
2016-04-11T01:17:30.630000,GBPUSD,1.411730051,1.411820054
2016-04-11T01:17:59.188000,GBPUSD,1.41181004,1.411919951
2016-04-11T01:17:59.529000,GBPUSD,1.411790013,1.41189003
2016-04-11T01:18:03.317000,GBPUSD,1.411790013,1.41189003
2016-04-11T01:18:17.324000,GBPUSD,1.411759973,1.411870003
2016-04-11T01:18:38.932000,GBPUSD,1.411839962,1.411939979
2016-04-11T01:18:59.801000,GBPUSD,1.411790013,1.411900043
2016-04-11T01:19:00.083000,GBPUSD,1.411790013,1.411900043
2016-04-11T01:19:38.801000,GBPUSD,1.411689997,1.411800027
2016-04-11T01:19:49.965000,GBPUSD,1.411800027,1.411919951
2016-04-11T01:19:59.962000,GBPUSD,1.411800027,1.411910057
2016-04-11T01:20:00.694000,GBPUSD,1.411800027,1.411910057
2016-04-11T01:20:08.699000,GBPUSD,1.411839962,1.411939979
2016-04-11T01:20:58.589000,GBPUSD,1.411720037,1.411800027
2016-04-11T01:21:00.401000,GBPUSD,1.411720037,1.41181004
2016-04-11T01:21:00.735000,GBPUSD,1.411720037,1.41181004
2016-04-11T01:21:59.444000,GBPUSD,1.411610007,1.41170001
2016-04-11T01:22:00.441000,GBPUSD,1.411610007,1.41170001
2016-04-11T01:22:22.169000,GBPUSD,1.411540031,1.411659956
2016-04-11T01:22:48.159000,GBPUSD,1.411710024,1.411820054
2016-04-11T01:22:59.841000,GBPUSD,1.411689997,1.411820054
2016-04-11T01:23:01.549000,GBPUSD,1.411689997,1.411820054
2016-04-11T01:23:01.549000,GBPUSD,1.411689997,1.411820054
2016-04-11T01:23:38.549000,GBPUSD,1.411900043,1.411970019
2016-04-11T01:23:55.957000,GBPUSD,1.41181004,1.411929965
2016-04-11T01:24:00.229000,GBPUSD,1.41181004,1.411929965
2016-04-11T01:24:04.970000,GBPUSD,1.41170001,1.411800027
2016-04-11T01:24:15.288000,GBPUSD,1.41189003,1.411960006
2016-04-11T01:24:59.988000,GBPUSD,1.411870003,1.411960006
2016-04-11T01:25:02.057000,GBPUSD,1.411870003,1.411960006
2016-04-11T01:25:27.047000,GBPUSD,1.411910057,1.411949992
2016-04-11T01:25:59.927000,GBPUSD,1.411739945,1.411839962
2016-04-11T01:25:59.998000,GBPUSD,1.411749959,1.411839962
2016-04-11T01:26:00.139000,GBPUSD,1.411749959,1.411839962
2016-04-11T01:26:06.399000,GBPUSD,1.411759973,1.411859989
2016-04-11T01:26:59.940000,GBPUSD,1.411610007,1.411659956
2016-04-11T01:27:00.007000,GBPUSD,1.411610007,1.411659956
2016-04-11T01:27:01.720000,GBPUSD,1.411620021,1.411659956
2016-04-11T01:27:58.099000,GBPUSD,1.411329985,1.411389947
2016-04-11T01:28:00.200000,GBPUSD,1.411329985,1.411389947
2016-04-11T01:28:16.856000,GBPUSD,1.411450028,1.411489964
2016-04-11T01:28:59.118000,GBPUSD,1.411229968,1.411270022
2016-04-11T01:29:01.026000,GBPUSD,1.411229968,1.411270022
2016-04-11T01:29:12.760000,GBPUSD,1.411270022,1.411339998
2016-04-11T01:29:58.066000,GBPUSD,1.410820007,1.41091001
2016-04-11T01:29:59.977000,GBPUSD,1.410840034,1.410920024
2016-04-11T01:30:00.199000,GBPUSD,1.410840034,1.410920024
2016-04-11T01:30:00.311000,GBPUSD,1.41079998,1.410869956
2016-04-11T01:30:06.528000,GBPUSD,1.411640048,1.411689997
2016-04-11T01:30:59.949000,GBPUSD,1.411579967,1.411679983
2016-04-11T01:31:00.281000,GBPUSD,1.411579967,1.411679983
2016-04-11T01:31:40.876000,GBPUSD,1.411530018,1.411620021
2016-04-11T01:31:59.854000,GBPUSD,1.411689997,1.411790013
2016-04-11T01:32:00.263000,GBPUSD,1.411689997,1.411790013
2016-04-11T01:32:20.995000,GBPUSD,1.411679983,1.411759973
2016-04-11T01:32:23.933000,GBPUSD,1.411790013,1.411800027
2016-04-11T01:32:59.295000,GBPUSD,1.411739945,1.411820054
2016-04-11T01:33:00.201000,GBPUSD,1.411739945,1.411820054
2016-04-11T01:33:55.754000,GBPUSD,1.411649942,1.411739945
2016-04-11T01:33:59.960000,GBPUSD,1.411749959,1.411849976
2016-04-11T01:34:00.000000,GBPUSD,1.411749959,1.411849976
2016-04-11T01:34:16.056000,GBPUSD,1.411739945,1.411839962
2016-04-11T01:34:59.709000,GBPUSD,1.411870003,1.411980033
2016-04-11T01:35:00.064000,GBPUSD,1.411870003,1.411980033
2016-04-11T01:35:13.306000,GBPUSD,1.411990047,1.412109971
2016-04-11T01:35:59.999000,GBPUSD,1.411800027,1.411900043
2016-04-11T01:36:00.384000,GBPUSD,1.411800027,1.41189003
2016-04-11T01:36:19.737000,GBPUSD,1.411800027,1.41189003
2016-04-11T01:36:59.429000,GBPUSD,1.411870003,1.411960006
2016-04-11T01:37:00.074000,GBPUSD,1.411870003,1.411960006
2016-04-11T01:37:07.598000,GBPUSD,1.411970019,1.412050009
2016-04-11T01:37:35.198000,GBPUSD,1.41181004,1.411919951
2016-04-11T01:37:58.587000,GBPUSD,1.411859989,1.411990047
2016-04-11T01:38:00.198000,GBPUSD,1.411859989,1.411990047
2016-04-11T01:38:00.223000,GBPUSD,1.411859989,1.411990047
2016-04-11T01:38:58.899000,GBPUSD,1.41170001,1.411790013
2016-04-11T01:38:59.830000,GBPUSD,1.411720037,1.411829948
2016-04-11T01:39:00.422000,GBPUSD,1.411720037,1.411829948
2016-04-11T01:39:17.369000,GBPUSD,1.411569953,1.41166997
2016-04-11T01:39:42.036000,GBPUSD,1.411800027,1.41189003
2016-04-11T01:39:58.723000,GBPUSD,1.411790013,1.411880016
2016-04-11T01:40:00.411000,GBPUSD,1.411790013,1.411880016
2016-04-11T01:40:29.830000,GBPUSD,1.411749959,1.411859989
2016-04-11T01:40:33.412000,GBPUSD,1.41189003,1.412019968
2016-04-11T01:40:59.835000,GBPUSD,1.411880016,1.411990047
2016-04-11T01:41:00.713000,GBPUSD,1.411880016,1.411990047
2016-04-11T01:41:17.197000,GBPUSD,1.411910057,1.411990047
2016-04-11T01:41:40.800000,GBPUSD,1.411790013,1.411870003
2016-04-11T01:41:59.377000,GBPUSD,1.411870003,1.411990047
2016-04-11T01:42:00.379000,GBPUSD,1.411870003,1.411990047
2016-04-11T01:42:35.506000,GBPUSD,1.411859989,1.411960006
2016-04-11T01:42:51.205000,GBPUSD,1.411949992,1.412039995
2016-04-11T01:42:59.346000,GBPUSD,1.411929965,1.412029982
2016-04-11T01:43:00.268000,GBPUSD,1.411929965,1.412029982
2016-04-11T01:43:19.015000,GBPUSD,1.411630034,1.411730051
2016-04-11T01:43:56.251000,GBPUSD,1.411939979,1.412039995
2016-04-11T01:43:59.781000,GBPUSD,1.411929965,1.412019968
2016-04-11T01:44:00.054000,GBPUSD,1.411929965,1.412019968
2016-04-11T01:44:08.142000,GBPUSD,1.411929965,1.412019968
2016-04-11T01:44:53.873000,GBPUSD,1.412039995,1.412170053
2016-04-11T01:44:59.398000,GBPUSD,1.412039995,1.412160039
2016-04-11T01:45:00.381000,GBPUSD,1.412039995,1.412160039
2016-04-11T01:45:01.200000,GBPUSD,1.412039995,1.412150025
2016-04-11T01:45:55.094000,GBPUSD,1.412119985,1.412220001
2016-04-11T01:45:59.987000,GBPUSD,1.41208005,1.412199974
2016-04-11T01:46:00.063000,GBPUSD,1.41208005,1.412199974
2016-04-11T01:46:31.472000,GBPUSD,1.412009954,1.412129998
2016-04-11T01:46:59.418000,GBPUSD,1.412340045,1.412449956
2016-04-11T01:46:59.896000,GBPUSD,1.412330031,1.412410021
2016-04-11T01:47:00.076000,GBPUSD,1.412330031,1.412420034
2016-04-11T01:47:04.097000,GBPUSD,1.412359953,1.412449956
2016-04-11T01:47:48.777000,GBPUSD,1.411980033,1.41208005
2016-04-11T01:47:59.683000,GBPUSD,1.412070036,1.412179947
2016-04-11T01:48:00.697000,GBPUSD,1.412060022,1.412179947
2016-04-11T01:48:00.872000,GBPUSD,1.412060022,1.412179947
2016-04-11T01:48:55.199000,GBPUSD,1.412119985,1.412220001
2016-04-11T01:48:59.670000,GBPUSD,1.412109971,1.412209988
2016-04-11T01:49:00.293000,GBPUSD,1.412109971,1.412209988
2016-04-11T01:49:00.725000,GBPUSD,1.412109971,1.412209988
2016-04-11T01:49:52.040000,GBPUSD,1.412320018,1.412410021
2016-04-11T01:49:59.966000,GBPUSD,1.412310004,1.412400007
2016-04-11T01:50:00.021000,GBPUSD,1.412310004,1.412400007
2016-04-11T01:50:15.933000,GBPUSD,1.412320018,1.412389994
2016-04-11T01:50:19.453000,GBPUSD,1.412179947,1.412260056
2016-04-11T01:50:59.981000,GBPUSD,1.412260056,1.412350059
2016-04-11T01:51:00.004000,GBPUSD,1.412260056,1.412350059
2016-04-11T01:51:05.776000,GBPUSD,1.412320018,1.412400007
2016-04-11T01:51:59.121000,GBPUSD,1.412050009,1.412170053
2016-04-11T01:52:00.124000,GBPUSD,1.412050009,1.412170053
2016-04-11T01:52:01.050000,GBPUSD,1.412050009,1.412170053
2016-04-11T01:52:38.849000,GBPUSD,1.412170053,1.412279963
2016-04-11T01:52:59.849000,GBPUSD,1.412129998,1.412230015
2016-04-11T01:53:01.065000,GBPUSD,1.412129998,1.412230015
2016-04-11T01:53:09.876000,GBPUSD,1.412170053,1.412230015
2016-04-11T01:53:59.336000,GBPUSD,1.412050009,1.412129998
2016-04-11T01:53:59.970000,GBPUSD,1.412050009,1.412140012
2016-04-11T01:54:00.202000,GBPUSD,1.412050009,1.412140012
2016-04-11T01:54:04.195000,GBPUSD,1.412050009,1.412129998
2016-04-11T01:54:59.612000,GBPUSD,1.412199974,1.412310004
2016-04-11T01:54:59.749000,GBPUSD,1.412199974,1.412299991
2016-04-11T01:55:00.077000,GBPUSD,1.412199974,1.412289977
2016-04-11T01:55:14.467000,GBPUSD,1.412150025,1.412240028
2016-04-11T01:55:51.267000,GBPUSD,1.412199974,1.412310004
2016-04-11T01:55:59.932000,GBPUSD,1.412179947,1.412299991
2016-04-11T01:56:00.036000,GBPUSD,1.412179947,1.412310004
2016-04-11T01:56:00.040000,GBPUSD,1.412179947,1.412310004
2016-04-11T01:56:32.624000,GBPUSD,1.412330031,1.412439942
2016-04-11T01:56:59.942000,GBPUSD,1.412279963,1.41237998
2016-04-11T01:57:01.104000,GBPUSD,1.412279963,1.41237998
2016-04-11T01:57:02.111000,GBPUSD,1.412279963,1.41237998
2016-04-11T01:57:59.482000,GBPUSD,1.412170053,1.412250042
2016-04-11T01:58:00.102000,GBPUSD,1.412170053,1.412250042
2016-04-11T01:58:01.106000,GBPUSD,1.412170053,1.412250042
2016-04-11T01:58:03.871000,GBPUSD,1.412179947,1.412279963
2016-04-11T01:58:59.986000,GBPUSD,1.412179947,1.412260056
2016-04-11T01:59:00.426000,GBPUSD,1.412179947,1.412260056
2016-04-11T01:59:19.258000,GBPUSD,1.412179947,1.412260056
2016-04-11T01:59:58.607000,GBPUSD,1.41181004,1.411900043
2016-04-11T01:59:59.077000,GBPUSD,1.41181004,1.411910057
2016-04-11T02:00:00.082000,GBPUSD,1.41181004,1.411900043
2016-04-11T02:00:00.292000,GBPUSD,1.41181004,1.411900043
2016-04-11T02:00:51.136000,GBPUSD,1.411730051,1.411800027
2016-04-11T02:00:59.401000,GBPUSD,1.411749959,1.411839962
2016-04-11T02:01:00.120000,GBPUSD,1.411759973,1.411839962
2016-04-11T02:01:01.668000,GBPUSD,1.411759973,1.411839962
2016-04-11T02:01:59.656000,GBPUSD,1.411579967,1.411659956
2016-04-11T02:02:00.071000,GBPUSD,1.411579967,1.411659956
2016-04-11T02:02:21.727000,GBPUSD,1.41170001,1.411790013
2016-04-11T02:02:37.875000,GBPUSD,1.411550045,1.411649942
2016-04-11T02:02:59.949000,GBPUSD,1.411610007,1.411720037
2016-04-11T02:03:00.051000,GBPUSD,1.411610007,1.411720037
2016-04-11T02:03:22.392000,GBPUSD,1.411630034,1.411730051
2016-04-11T02:03:31.081000,GBPUSD,1.411360025,1.411470056
2016-04-11T02:03:59.679000,GBPUSD,1.411389947,1.411489964
2016-04-11T02:04:01.165000,GBPUSD,1.411389947,1.411499977
2016-04-11T02:04:01.599000,GBPUSD,1.411399961,1.411520004
2016-04-11T02:04:59.276000,GBPUSD,1.411159992,1.411249995
2016-04-11T02:05:00.005000,GBPUSD,1.411159992,1.411249995
2016-04-11T02:05:00.506000,GBPUSD,1.411170006,1.411249995
2016-04-11T02:05:22.699000,GBPUSD,1.410699964,1.410820007
2016-04-11T02:05:59.395000,GBPUSD,1.41087997,1.41099
2016-04-11T02:06:00.976000,GBPUSD,1.41087997,1.41099
2016-04-11T02:06:08.949000,GBPUSD,1.410850048,1.410949945
2016-04-11T02:06:41.805000,GBPUSD,1.411020041,1.411129951
2016-04-11T02:06:59.023000,GBPUSD,1.410889983,1.41099
2016-04-11T02:07:00.029000,GBPUSD,1.410889983,1.41099
2016-04-11T02:07:40.369000,GBPUSD,1.410889983,1.41099
2016-04-11T02:07:54.913000,GBPUSD,1.410869956,1.410959959
2016-04-11T02:07:59.855000,GBPUSD,1.410869956,1.410969973
2016-04-11T02:08:00.723000,GBPUSD,1.410869956,1.410969973
2016-04-11T02:08:06.018000,GBPUSD,1.41087997,1.410979986
2016-04-11T02:08:54.113000,GBPUSD,1.410770059,1.410859942
2016-04-11T02:08:59.873000,GBPUSD,1.410770059,1.410869956
2016-04-11T02:09:00.601000,GBPUSD,1.410770059,1.410869956
2016-04-11T02:09:15.963000,GBPUSD,1.410789967,1.41087997
2016-04-11T02:09:59.701000,GBPUSD,1.410779953,1.410850048
2016-04-11T02:10:00.079000,GBPUSD,1.410779953,1.410850048
2016-04-11T02:10:03.400000,GBPUSD,1.410770059,1.410830021
2016-04-11T02:10:26.304000,GBPUSD,1.410789967,1.41087997
2016-04-11T02:10:59.246000,GBPUSD,1.410770059,1.410850048
2016-04-11T02:11:00.707000,GBPUSD,1.410770059,1.410850048
2016-04-11T02:11:07.319000,GBPUSD,1.410770059,1.410850048
2016-04-11T02:11:25.594000,GBPUSD,1.410789967,1.410899997
2016-04-11T02:11:59.245000,GBPUSD,1.410789967,1.41087997
2016-04-11T02:12:01.429000,GBPUSD,1.410789967,1.41087997
2016-04-11T02:12:06.769000,GBPUSD,1.410789967,1.410869956
2016-04-11T02:12:22.856000,GBPUSD,1.410899997,1.411020041
2016-04-11T02:12:59.849000,GBPUSD,1.41091001,1.41099
2016-04-11T02:13:00.015000,GBPUSD,1.41091001,1.41099
2016-04-11T02:13:10.699000,GBPUSD,1.410899997,1.41099
2016-04-11T02:13:59.784000,GBPUSD,1.411360025,1.411440015
2016-04-11T02:13:59.994000,GBPUSD,1.411350012,1.411440015
2016-04-11T02:14:00.064000,GBPUSD,1.411350012,1.411440015
2016-04-11T02:14:00.290000,GBPUSD,1.411350012,1.411440015
2016-04-11T02:14:58.999000,GBPUSD,1.411550045,1.411659956
2016-04-11T02:14:59.999000,GBPUSD,1.411540031,1.411649942
2016-04-11T02:15:00.020000,GBPUSD,1.411540031,1.411649942
2016-04-11T02:15:00.541000,GBPUSD,1.411550045,1.411659956
2016-04-11T02:15:48.189000,GBPUSD,1.411319971,1.411430001
2016-04-11T02:15:59.350000,GBPUSD,1.411339998,1.41147995
2016-04-11T02:16:00.353000,GBPUSD,1.411339998,1.41147995
2016-04-11T02:16:07.328000,GBPUSD,1.411339998,1.411460042
2016-04-11T02:16:22.790000,GBPUSD,1.411710024,1.41181004
2016-04-11T02:16:59.309000,GBPUSD,1.411389947,1.41147995
2016-04-11T02:17:00.311000,GBPUSD,1.411389947,1.41147995
2016-04-11T02:17:10.682000,GBPUSD,1.411339998,1.411430001
2016-04-11T02:17:43.913000,GBPUSD,1.411560059,1.411659956
2016-04-11T02:17:58.044000,GBPUSD,1.411569953,1.411649942
2016-04-11T02:18:00.030000,GBPUSD,1.411569953,1.411649942
2016-04-11T02:18:03.233000,GBPUSD,1.411569953,1.411649942
2016-04-11T02:18:55.675000,GBPUSD,1.411870003,1.411980033
2016-04-11T02:18:58.588000,GBPUSD,1.411859989,1.411960006
2016-04-11T02:19:00.053000,GBPUSD,1.411859989,1.411960006
2016-04-11T02:19:10.778000,GBPUSD,1.411829948,1.411939979
2016-04-11T02:19:59.143000,GBPUSD,1.412099957,1.412170053
2016-04-11T02:20:00.128000,GBPUSD,1.412099957,1.412170053
2016-04-11T02:20:12.895000,GBPUSD,1.412099957,1.412179947
2016-04-11T02:20:16.631000,GBPUSD,1.412099957,1.412109971
2016-04-11T02:21:00.190000,GBPUSD,1.412089944,1.412099957
2016-04-11T02:21:03.502000,GBPUSD,1.412089944,1.412099957
2016-04-11T02:21:59.378000,GBPUSD,1.412289977,1.41237998
2016-04-11T02:22:00.300000,GBPUSD,1.412289977,1.41237998
2016-04-11T02:22:27.496000,GBPUSD,1.412330031,1.41245997
2016-04-11T02:22:59.792000,GBPUSD,1.412160039,1.412250042
2016-04-11T02:23:00.339000,GBPUSD,1.412160039,1.412250042
2016-04-11T02:23:13.600000,GBPUSD,1.412029982,1.412129998
2016-04-11T02:23:16.465000,GBPUSD,1.412199974,1.412330031
2016-04-11T02:23:59.925000,GBPUSD,1.412070036,1.412209988
2016-04-11T02:24:00.099000,GBPUSD,1.412070036,1.412209988
2016-04-11T02:24:04.327000,GBPUSD,1.412060022,1.412209988
2016-04-11T02:24:11.408000,GBPUSD,1.412220001,1.412340045
2016-04-11T02:24:59.406000,GBPUSD,1.412179947,1.412289977
2016-04-11T02:25:00.409000,GBPUSD,1.412179947,1.412289977
2016-04-11T02:25:30.176000,GBPUSD,1.412160039,1.412250042
2016-04-11T02:25:59.399000,GBPUSD,1.412529945,1.412590027
2016-04-11T02:25:59.506000,GBPUSD,1.412520051,1.412580013
2016-04-11T02:26:00.201000,GBPUSD,1.412510037,1.412580013
2016-04-11T02:26:32.895000,GBPUSD,1.412539959,1.412590027
2016-04-11T02:26:57.399000,GBPUSD,1.412340045,1.412439942
2016-04-11T02:26:59.436000,GBPUSD,1.412369967,1.412449956
2016-04-11T02:27:00.901000,GBPUSD,1.412369967,1.412449956
2016-04-11T02:27:24.166000,GBPUSD,1.412310004,1.412400007
2016-04-11T02:27:58.174000,GBPUSD,1.412449956,1.412529945
2016-04-11T02:27:59.867000,GBPUSD,1.412439942,1.412529945
2016-04-11T02:28:00.385000,GBPUSD,1.412439942,1.412529945
2016-04-11T02:28:27.472000,GBPUSD,1.412340045,1.412439942
2016-04-11T02:28:57.294000,GBPUSD,1.41245997,1.412529945
2016-04-11T02:28:59.255000,GBPUSD,1.412449956,1.412529945
2016-04-11T02:29:00.257000,GBPUSD,1.412449956,1.412529945
2016-04-11T02:29:06.299000,GBPUSD,1.412449956,1.412529945
2016-04-11T02:29:43.942000,GBPUSD,1.412369967,1.41245997
2016-04-11T02:29:59.802000,GBPUSD,1.412420034,1.41249001
2016-04-11T02:30:00.034000,GBPUSD,1.412420034,1.41249001
2016-04-11T02:30:07.092000,GBPUSD,1.412619948,1.412690043
2016-04-11T02:30:46.899000,GBPUSD,1.412330031,1.412439942
2016-04-11T02:30:59.311000,GBPUSD,1.412439942,1.412559986
2016-04-11T02:31:01.620000,GBPUSD,1.412439942,1.412559986
2016-04-11T02:31:01.872000,GBPUSD,1.412439942,1.412559986
2016-04-11T02:31:12.199000,GBPUSD,1.412230015,1.412350059
2016-04-11T02:31:58.779000,GBPUSD,1.412240028,1.412350059
2016-04-11T02:32:01.341000,GBPUSD,1.412240028,1.412350059
2016-04-11T02:32:47.691000,GBPUSD,1.412279963,1.412359953
2016-04-11T02:32:59.967000,GBPUSD,1.412220001,1.412340045
2016-04-11T02:33:00.480000,GBPUSD,1.412220001,1.412340045
2016-04-11T02:33:48.069000,GBPUSD,1.412209988,1.412340045
2016-04-11T02:33:58.589000,GBPUSD,1.412240028,1.412350059
2016-04-11T02:34:00.127000,GBPUSD,1.412240028,1.412350059
2016-04-11T02:34:41.249000,GBPUSD,1.412240028,1.412359953
2016-04-11T02:34:51.201000,GBPUSD,1.412220001,1.412320018
2016-04-11T02:34:59.679000,GBPUSD,1.412220001,1.412330031
2016-04-11T02:35:00.159000,GBPUSD,1.412220001,1.412330031
2016-04-11T02:35:10.961000,GBPUSD,1.412199974,1.412310004
2016-04-11T02:35:58.085000,GBPUSD,1.412250042,1.412350059
2016-04-11T02:36:00.842000,GBPUSD,1.412250042,1.412350059
2016-04-11T02:36:02.647000,GBPUSD,1.412250042,1.412350059
2016-04-11T02:36:09.629000,GBPUSD,1.412089944,1.412179947
2016-04-11T02:36:58.948000,GBPUSD,1.412119985,1.412220001
2016-04-11T02:37:00.287000,GBPUSD,1.412129998,1.412220001
2016-04-11T02:37:08.907000,GBPUSD,1.412109971,1.412209988
2016-04-11T02:37:48.602000,GBPUSD,1.412129998,1.412220001
2016-04-11T02:37:54.310000,GBPUSD,1.412119985,1.412220001
2016-04-11T02:38:00.809000,GBPUSD,1.412119985,1.412220001
2016-04-11T02:38:03.735000,GBPUSD,1.412109971,1.412220001
2016-04-11T02:38:18.098000,GBPUSD,1.412170053,1.412220001
2016-04-11T02:38:59.595000,GBPUSD,1.412119985,1.412220001
2016-04-11T02:39:04.148000,GBPUSD,1.412119985,1.412220001
2016-04-11T02:39:43.652000,GBPUSD,1.412029982,1.412150025
2016-04-11T02:39:59.207000,GBPUSD,1.412119985,1.412230015
2016-04-11T02:40:01.213000,GBPUSD,1.412119985,1.412230015
2016-04-11T02:40:06.534000,GBPUSD,1.412160039,1.412240028
2016-04-11T02:40:52.155000,GBPUSD,1.412089944,1.412199974
2016-04-11T02:40:59.990000,GBPUSD,1.412129998,1.412209988
2016-04-11T02:41:00.068000,GBPUSD,1.412129998,1.412209988
2016-04-11T02:41:23.693000,GBPUSD,1.41208005,1.41218996
2016-04-11T02:41:56.000000,GBPUSD,1.412369967,1.41249001
2016-04-11T02:41:59.785000,GBPUSD,1.412359953,1.412449956
2016-04-11T02:42:00.526000,GBPUSD,1.412359953,1.412449956
2016-04-11T02:42:01.708000,GBPUSD,1.412350059,1.412449956
2016-04-11T02:42:58.310000,GBPUSD,1.412639976,1.412690043
2016-04-11T02:42:59.944000,GBPUSD,1.412610054,1.41268003
2016-04-11T02:43:00.682000,GBPUSD,1.412610054,1.412670016
2016-04-11T02:43:08.344000,GBPUSD,1.41260004,1.41268003
2016-04-11T02:43:59.776000,GBPUSD,1.412770033,1.412829995
2016-04-11T02:43:59.780000,GBPUSD,1.412770033,1.412819982
2016-04-11T02:44:00.375000,GBPUSD,1.412770033,1.412829995
2016-04-11T02:44:00.814000,GBPUSD,1.412750006,1.412789941
2016-04-11T02:44:13.987000,GBPUSD,1.412879944,1.412999988
2016-04-11T02:44:59.420000,GBPUSD,1.412840009,1.412919998
2016-04-11T02:45:00.377000,GBPUSD,1.412840009,1.412919998
2016-04-11T02:45:30.876000,GBPUSD,1.412819982,1.412930012
2016-04-11T02:45:47.066000,GBPUSD,1.412870049,1.412960052
2016-04-11T02:45:58.589000,GBPUSD,1.412840009,1.412940025
2016-04-11T02:46:02.276000,GBPUSD,1.412850022,1.412940025
2016-04-11T02:46:04.113000,GBPUSD,1.412819982,1.412930012
2016-04-11T02:46:21.572000,GBPUSD,1.413079977,1.413140059
2016-04-11T02:46:59.246000,GBPUSD,1.41305995,1.413120031
2016-04-11T02:47:00.186000,GBPUSD,1.41305995,1.413120031
2016-04-11T02:47:14.173000,GBPUSD,1.41305995,1.413120031
2016-04-11T02:47:32.499000,GBPUSD,1.413579941,1.413679957
2016-04-11T02:47:59.800000,GBPUSD,1.413259983,1.413310051
2016-04-11T02:48:00.026000,GBPUSD,1.413259983,1.413310051
2016-04-11T02:48:00.564000,GBPUSD,1.413259983,1.413349986
2016-04-11T02:48:16.877000,GBPUSD,1.413069963,1.41316998
2016-04-11T02:48:59.669000,GBPUSD,1.413100004,1.413200021
2016-04-11T02:49:00.004000,GBPUSD,1.413100004,1.413200021
2016-04-11T02:49:29.401000,GBPUSD,1.413089991,1.413210034
2016-04-11T02:49:58.219000,GBPUSD,1.413269997,1.413349986
2016-04-11T02:49:59.717000,GBPUSD,1.413239956,1.413349986
2016-04-11T02:50:00.157000,GBPUSD,1.413239956,1.413349986
2016-04-11T02:50:30.199000,GBPUSD,1.41328001,1.41336
2016-04-11T02:50:56.686000,GBPUSD,1.413149953,1.413249969
2016-04-11T02:50:59.994000,GBPUSD,1.413190007,1.413259983
2016-04-11T02:51:00.201000,GBPUSD,1.413200021,1.413259983
2016-04-11T02:51:45.749000,GBPUSD,1.413159966,1.413239956
2016-04-11T02:51:59.999000,GBPUSD,1.413329959,1.413450003
2016-04-11T02:52:00.000000,GBPUSD,1.413329959,1.413450003
2016-04-11T02:52:00.500000,GBPUSD,1.41339004,1.413490057
2016-04-11T02:52:29.084000,GBPUSD,1.413130045,1.413229942
2016-04-11T02:52:59.746000,GBPUSD,1.413259983,1.413370013
2016-04-11T02:53:00.500000,GBPUSD,1.413259983,1.413370013
2016-04-11T02:53:04.602000,GBPUSD,1.41328001,1.41336
2016-04-11T02:53:44.096000,GBPUSD,1.413159966,1.413269997
2016-04-11T02:53:59.982000,GBPUSD,1.413239956,1.413329959
2016-04-11T02:54:00.478000,GBPUSD,1.413239956,1.413329959
2016-04-11T02:54:18.475000,GBPUSD,1.413140059,1.413249969
2016-04-11T02:54:54.001000,GBPUSD,1.413339972,1.413460016
2016-04-11T02:54:59.755000,GBPUSD,1.413329959,1.413419962
2016-04-11T02:55:00.101000,GBPUSD,1.413339972,1.413419962
2016-04-11T02:55:29.951000,GBPUSD,1.413319945,1.413400054
2016-04-11T02:55:57.999000,GBPUSD,1.413570046,1.413679957
2016-04-11T02:55:59.376000,GBPUSD,1.413570046,1.413669944
2016-04-11T02:56:00.785000,GBPUSD,1.413570046,1.413669944
2016-04-11T02:56:01.790000,GBPUSD,1.413570046,1.413669944
2016-04-11T02:56:59.800000,GBPUSD,1.413419962,1.413509965
2016-04-11T02:56:59.969000,GBPUSD,1.413419962,1.413529992
2016-04-11T02:57:00.568000,GBPUSD,1.413419962,1.413529992
2016-04-11T02:57:01.299000,GBPUSD,1.413429976,1.413560033
2016-04-11T02:57:51.150000,GBPUSD,1.413210034,1.413319945
2016-04-11T02:57:59.607000,GBPUSD,1.413220048,1.413329959
2016-04-11T02:58:00.496000,GBPUSD,1.413220048,1.413329959
2016-04-11T02:58:04.504000,GBPUSD,1.413239956,1.413339972
2016-04-11T02:58:53.694000,GBPUSD,1.412879944,1.413010001
2016-04-11T02:58:59.975000,GBPUSD,1.412940025,1.41305995
2016-04-11T02:59:00.038000,GBPUSD,1.412940025,1.41305995
2016-04-11T02:59:14.089000,GBPUSD,1.412829995,1.412940025
2016-04-11T02:59:56.203000,GBPUSD,1.413130045,1.413259983
2016-04-11T02:59:59.231000,GBPUSD,1.413130045,1.413249969
2016-04-11T03:00:00.224000,GBPUSD,1.413130045,1.413249969
2016-04-11T03:00:09.134000,GBPUSD,1.413130045,1.413269997
2016-04-11T03:00:50.828000,GBPUSD,1.413140059,1.413220048
2016-04-11T03:00:57.637000,GBPUSD,1.413140059,1.413239956
2016-04-11T03:01:00.652000,GBPUSD,1.413140059,1.413239956
2016-04-11T03:01:07.377000,GBPUSD,1.413190007,1.413329959
2016-04-11T03:01:52.900000,GBPUSD,1.413130045,1.413200021
2016-04-11T03:01:58.650000,GBPUSD,1.413159966,1.413249969
2016-04-11T03:02:00.088000,GBPUSD,1.413159966,1.413249969
2016-04-11T03:02:10.611000,GBPUSD,1.413159966,1.413259983
2016-04-11T03:02:49.219000,GBPUSD,1.412930012,1.413050056
2016-04-11T03:02:59.471000,GBPUSD,1.412950039,1.413050056
2016-04-11T03:03:01.211000,GBPUSD,1.412950039,1.413050056
2016-04-11T03:03:15.845000,GBPUSD,1.412930012,1.413050056
2016-04-11T03:03:35.643000,GBPUSD,1.413040042,1.413179994
2016-04-11T03:03:59.870000,GBPUSD,1.413050056,1.413149953
2016-04-11T03:04:00.355000,GBPUSD,1.413040042,1.413149953
2016-04-11T03:04:02.297000,GBPUSD,1.413069963,1.413179994
2016-04-11T03:04:32.569000,GBPUSD,1.412940025,1.413040042
2016-04-11T03:04:59.816000,GBPUSD,1.412950039,1.413050056
2016-04-11T03:05:00.819000,GBPUSD,1.412950039,1.413050056
2016-04-11T03:05:30.127000,GBPUSD,1.412950039,1.413069963
2016-04-11T03:05:51.080000,GBPUSD,1.412919998,1.413010001
2016-04-11T03:05:58.350000,GBPUSD,1.412930012,1.413030028
2016-04-11T03:06:03.272000,GBPUSD,1.412930012,1.413030028
2016-04-11T03:06:18.002000,GBPUSD,1.412940025,1.413050056
2016-04-11T03:06:59.412000,GBPUSD,1.412750006,1.412840009
2016-04-11T03:07:00.413000,GBPUSD,1.412750006,1.412840009
2016-04-11T03:07:08.700000,GBPUSD,1.412809968,1.412930012
2016-04-11T03:07:32.834000,GBPUSD,1.412719965,1.412809968
2016-04-11T03:07:58.588000,GBPUSD,1.412750006,1.412850022
2016-04-11T03:08:00.008000,GBPUSD,1.412750006,1.412850022
2016-04-11T03:08:24.805000,GBPUSD,1.412709951,1.412789941
2016-04-11T03:08:56.367000,GBPUSD,1.413010001,1.413089991
2016-04-11T03:08:59.697000,GBPUSD,1.41297996,1.413089991
2016-04-11T03:09:01.082000,GBPUSD,1.41297996,1.413089991
2016-04-11T03:09:11.000000,GBPUSD,1.412930012,1.413020015
2016-04-11T03:09:53.801000,GBPUSD,1.413699985,1.413820028
2016-04-11T03:09:59.780000,GBPUSD,1.413579941,1.413689971
2016-04-11T03:10:00.782000,GBPUSD,1.413579941,1.413689971
2016-04-11T03:10:06.181000,GBPUSD,1.413709998,1.41384995
2016-04-11T03:10:09.697000,GBPUSD,1.413429976,1.413550019
2016-04-11T03:10:58.861000,GBPUSD,1.413460016,1.413589954
2016-04-11T03:11:00.004000,GBPUSD,1.413460016,1.413589954
2016-04-11T03:11:00.799000,GBPUSD,1.413460016,1.413589954
2016-04-11T03:11:28.601000,GBPUSD,1.413339972,1.413419962
2016-04-11T03:11:59.887000,GBPUSD,1.41336,1.413499951
2016-04-11T03:12:03.075000,GBPUSD,1.41336,1.413499951
2016-04-11T03:12:03.227000,GBPUSD,1.41339004,1.413499951
2016-04-11T03:12:39.370000,GBPUSD,1.413239956,1.413349986
2016-04-11T03:12:59.619000,GBPUSD,1.413329959,1.413460016
2016-04-11T03:13:00.544000,GBPUSD,1.413329959,1.413439989
2016-04-11T03:13:22.215000,GBPUSD,1.413239956,1.413380027
2016-04-11T03:13:36.401000,GBPUSD,1.413349986,1.413450003
2016-04-11T03:13:59.601000,GBPUSD,1.413319945,1.413419962
2016-04-11T03:14:00.079000,GBPUSD,1.413310051,1.413419962
2016-04-11T03:14:11.700000,GBPUSD,1.413319945,1.413439989
2016-04-11T03:14:16.044000,GBPUSD,1.413220048,1.413310051
2016-04-11T03:14:58.659000,GBPUSD,1.413229942,1.413370013
2016-04-11T03:15:00.398000,GBPUSD,1.413229942,1.413370013
2016-04-11T03:15:24.762000,GBPUSD,1.413229942,1.413370013
2016-04-11T03:15:54.100000,GBPUSD,1.413130045,1.413239956
2016-04-11T03:15:59.952000,GBPUSD,1.413130045,1.413269997
2016-04-11T03:16:01.193000,GBPUSD,1.413130045,1.413269997
2016-04-11T03:16:03.208000,GBPUSD,1.413130045,1.413269997
2016-04-11T03:16:03.893000,GBPUSD,1.412999988,1.413130045
2016-04-11T03:16:59.964000,GBPUSD,1.413050056,1.413149953
2016-04-11T03:17:01.967000,GBPUSD,1.413050056,1.413149953
2016-04-11T03:17:28.715000,GBPUSD,1.412840009,1.412940025
2016-04-11T03:17:59.288000,GBPUSD,1.413040042,1.413179994
2016-04-11T03:18:00.156000,GBPUSD,1.413040042,1.413179994
2016-04-11T03:18:06.203000,GBPUSD,1.41305995,1.413179994
2016-04-11T03:18:59.986000,GBPUSD,1.413030028,1.413140059
2016-04-11T03:19:05.077000,GBPUSD,1.413030028,1.413140059
2016-04-11T03:19:05.078000,GBPUSD,1.413030028,1.413140059
2016-04-11T03:19:19.562000,GBPUSD,1.413100004,1.413149953
2016-04-11T03:19:59.976000,GBPUSD,1.413030028,1.413149953
2016-04-11T03:20:02.984000,GBPUSD,1.413030028,1.413149953
2016-04-11T03:20:06.801000,GBPUSD,1.413030028,1.413130045
2016-04-11T03:20:40.077000,GBPUSD,1.413179994,1.413319945
2016-04-11T03:20:59.787000,GBPUSD,1.413130045,1.413220048
2016-04-11T03:21:00.590000,GBPUSD,1.413110018,1.413220048
2016-04-11T03:21:12.319000,GBPUSD,1.413110018,1.413239956
2016-04-11T03:21:48.904000,GBPUSD,1.412930012,1.413030028
2016-04-11T03:21:59.890000,GBPUSD,1.413020015,1.413130045
2016-04-11T03:22:00.002000,GBPUSD,1.413020015,1.413130045
2016-04-11T03:22:00.081000,GBPUSD,1.413020015,1.413130045
2016-04-11T03:22:59.900000,GBPUSD,1.413159966,1.413220048
2016-04-11T03:22:59.901000,GBPUSD,1.413130045,1.413220048
2016-04-11T03:23:00.126000,GBPUSD,1.413130045,1.413220048
2016-04-11T03:23:00.126000,GBPUSD,1.413130045,1.413220048
2016-04-11T03:23:56.388000,GBPUSD,1.412899971,1.413020015
2016-04-11T03:23:59.997000,GBPUSD,1.412919998,1.413020015
2016-04-11T03:24:00.108000,GBPUSD,1.412919998,1.413030028
2016-04-11T03:24:09.056000,GBPUSD,1.412989974,1.413079977
2016-04-11T03:24:49.349000,GBPUSD,1.412799954,1.412909985
2016-04-11T03:24:59.143000,GBPUSD,1.412809968,1.412909985
2016-04-11T03:25:00.130000,GBPUSD,1.412809968,1.412899971
2016-04-11T03:25:00.133000,GBPUSD,1.412809968,1.412899971
2016-04-11T03:25:32.032000,GBPUSD,1.412639976,1.412739992
2016-04-11T03:25:59.650000,GBPUSD,1.412750006,1.412850022
2016-04-11T03:26:00.066000,GBPUSD,1.412750006,1.412850022
2016-04-11T03:26:03.133000,GBPUSD,1.412750006,1.412850022
2016-04-11T03:26:07.174000,GBPUSD,1.412559986,1.412660003
2016-04-11T03:26:59.880000,GBPUSD,1.412639976,1.412729979
2016-04-11T03:27:00.885000,GBPUSD,1.412639976,1.412729979
2016-04-11T03:27:56.141000,GBPUSD,1.412639976,1.412729979
2016-04-11T03:27:59.875000,GBPUSD,1.412670016,1.412750006
2016-04-11T03:28:00.036000,GBPUSD,1.412670016,1.412750006
2016-04-11T03:28:33.354000,GBPUSD,1.412629962,1.412739992
2016-04-11T03:28:59.543000,GBPUSD,1.412709951,1.412799954
2016-04-11T03:28:59.786000,GBPUSD,1.412709951,1.412789941
2016-04-11T03:29:00.185000,GBPUSD,1.412709951,1.412799954
2016-04-11T03:29:00.185000,GBPUSD,1.412709951,1.412799954
2016-04-11T03:29:49.193000,GBPUSD,1.41260004,1.41268003
2016-04-11T03:29:59.265000,GBPUSD,1.412670016,1.412789941
2016-04-11T03:30:00.085000,GBPUSD,1.412670016,1.412789941
2016-04-11T03:30:15.400000,GBPUSD,1.412649989,1.412780046
2016-04-11T03:30:32.327000,GBPUSD,1.412750006,1.412879944
2016-04-11T03:30:59.893000,GBPUSD,1.412719965,1.412840009
2016-04-11T03:31:01.642000,GBPUSD,1.412719965,1.412840009
2016-04-11T03:31:49.801000,GBPUSD,1.412660003,1.412760019
2016-04-11T03:31:58.899000,GBPUSD,1.412879944,1.413010001
2016-04-11T03:32:00.081000,GBPUSD,1.412879944,1.413010001
2016-04-11T03:32:01.083000,GBPUSD,1.412879944,1.413010001
2016-04-11T03:32:59.996000,GBPUSD,1.413200021,1.413300037
2016-04-11T03:33:00.031000,GBPUSD,1.413200021,1.413300037
2016-04-11T03:33:19.167000,GBPUSD,1.413239956,1.41336
2016-04-11T03:33:59.978000,GBPUSD,1.413069963,1.413200021
2016-04-11T03:34:00.036000,GBPUSD,1.413069963,1.413200021
2016-04-11T03:34:45.323000,GBPUSD,1.413220048,1.413319945
2016-04-11T03:34:58.604000,GBPUSD,1.41305995,1.413190007
2016-04-11T03:35:00.700000,GBPUSD,1.41305995,1.413200021
2016-04-11T03:35:43.069000,GBPUSD,1.413089991,1.413200021
2016-04-11T03:35:57.690000,GBPUSD,1.41305995,1.41316998
2016-04-11T03:35:57.861000,GBPUSD,1.413069963,1.41316998
2016-04-11T03:36:00.291000,GBPUSD,1.41305995,1.41316998
2016-04-11T03:36:24.814000,GBPUSD,1.413079977,1.413200021
2016-04-11T03:36:53.169000,GBPUSD,1.412950039,1.41305995
2016-04-11T03:36:59.112000,GBPUSD,1.412969947,1.41305995
2016-04-11T03:37:00.116000,GBPUSD,1.412969947,1.41305995
2016-04-11T03:37:31.423000,GBPUSD,1.413030028,1.413130045
2016-04-11T03:37:57.773000,GBPUSD,1.412899971,1.413020015
2016-04-11T03:37:59.703000,GBPUSD,1.412909985,1.413020015
2016-04-11T03:38:00.485000,GBPUSD,1.412909985,1.413020015
2016-04-11T03:38:30.894000,GBPUSD,1.412940025,1.413040042
2016-04-11T03:38:59.550000,GBPUSD,1.412899971,1.412989974
2016-04-11T03:38:59.571000,GBPUSD,1.412909985,1.412989974
2016-04-11T03:39:00.352000,GBPUSD,1.412909985,1.412989974
2016-04-11T03:39:11.818000,GBPUSD,1.412870049,1.412960052
2016-04-11T03:39:36.901000,GBPUSD,1.412950039,1.413010001
2016-04-11T03:39:59.915000,GBPUSD,1.412909985,1.412999988
2016-04-11T03:40:00.028000,GBPUSD,1.412899971,1.412999988
2016-04-11T03:40:24.800000,GBPUSD,1.412989974,1.413079977
2016-04-11T03:40:53.736000,GBPUSD,1.412899971,1.412989974
2016-04-11T03:40:59.630000,GBPUSD,1.412930012,1.413020015
2016-04-11T03:41:00.750000,GBPUSD,1.412930012,1.413020015
2016-04-11T03:41:27.990000,GBPUSD,1.412909985,1.412999988
2016-04-11T03:41:45.427000,GBPUSD,1.412950039,1.413030028
2016-04-11T03:41:59.361000,GBPUSD,1.412940025,1.413020015
2016-04-11T03:42:01.474000,GBPUSD,1.412940025,1.413020015
2016-04-11T03:42:19.100000,GBPUSD,1.412940025,1.413020015
2016-04-11T03:42:47.917000,GBPUSD,1.412940025,1.412969947
2016-04-11T03:42:59.929000,GBPUSD,1.412940025,1.413010001
2016-04-11T03:43:00.086000,GBPUSD,1.412940025,1.413010001
2016-04-11T03:43:05.450000,GBPUSD,1.412889957,1.413010001
2016-04-11T03:43:17.454000,GBPUSD,1.412940025,1.413020015
2016-04-11T03:43:59.504000,GBPUSD,1.412930012,1.413020015
2016-04-11T03:44:01.513000,GBPUSD,1.412930012,1.413020015
2016-04-11T03:44:28.988000,GBPUSD,1.412909985,1.413010001
2016-04-11T03:44:51.729000,GBPUSD,1.413050056,1.413140059
2016-04-11T03:44:59.669000,GBPUSD,1.413040042,1.413130045
2016-04-11T03:45:00.380000,GBPUSD,1.413040042,1.413130045
2016-04-11T03:45:09.486000,GBPUSD,1.413050056,1.413140059
2016-04-11T03:45:43.899000,GBPUSD,1.412999988,1.413120031
2016-04-11T03:45:58.541000,GBPUSD,1.413010001,1.413120031
2016-04-11T03:46:00.304000,GBPUSD,1.413020015,1.413120031
2016-04-11T03:46:27.669000,GBPUSD,1.412989974,1.413110018
2016-04-11T03:46:50.120000,GBPUSD,1.413089991,1.413159966
2016-04-11T03:46:58.663000,GBPUSD,1.413079977,1.413159966
2016-04-11T03:47:00.255000,GBPUSD,1.413079977,1.413159966
2016-04-11T03:47:12.200000,GBPUSD,1.413079977,1.413159966
2016-04-11T03:47:40.931000,GBPUSD,1.413310051,1.41339004
2016-04-11T03:47:59.387000,GBPUSD,1.413190007,1.413290024
2016-04-11T03:48:00.371000,GBPUSD,1.413190007,1.413290024
2016-04-11T03:48:01.849000,GBPUSD,1.41316998,1.413290024
2016-04-11T03:48:11.213000,GBPUSD,1.41336,1.413419962
2016-04-11T03:48:58.590000,GBPUSD,1.413310051,1.413409948
2016-04-11T03:49:01.008000,GBPUSD,1.413310051,1.413409948
2016-04-11T03:49:03.302000,GBPUSD,1.413310051,1.413409948
2016-04-11T03:49:59.600000,GBPUSD,1.413159966,1.41328001
2016-04-11T03:49:59.898000,GBPUSD,1.413179994,1.413290024
2016-04-11T03:50:00.315000,GBPUSD,1.413179994,1.413290024
2016-04-11T03:50:07.750000,GBPUSD,1.413200021,1.413300037
2016-04-11T03:50:53.546000,GBPUSD,1.41297996,1.413100004
2016-04-11T03:50:58.909000,GBPUSD,1.412999988,1.413100004
2016-04-11T03:51:01.227000,GBPUSD,1.412999988,1.413100004
2016-04-11T03:51:32.636000,GBPUSD,1.413089991,1.413200021
2016-04-11T03:51:43.566000,GBPUSD,1.412969947,1.413079977
2016-04-11T03:51:59.186000,GBPUSD,1.41297996,1.413110018
2016-04-11T03:52:00.208000,GBPUSD,1.41297996,1.413110018
2016-04-11T03:52:29.045000,GBPUSD,1.413089991,1.413190007
2016-04-11T03:52:36.737000,GBPUSD,1.412930012,1.413040042
2016-04-11T03:52:57.549000,GBPUSD,1.412969947,1.413069963
2016-04-11T03:53:00.562000,GBPUSD,1.412969947,1.413069963
2016-04-11T03:53:51.985000,GBPUSD,1.413120031,1.413190007
2016-04-11T03:53:56.975000,GBPUSD,1.412909985,1.413030028
2016-04-11T03:53:59.915000,GBPUSD,1.412960052,1.413040042
2016-04-11T03:54:00.916000,GBPUSD,1.412960052,1.413040042
2016-04-11T03:54:07.935000,GBPUSD,1.412950039,1.413040042
2016-04-11T03:54:38.421000,GBPUSD,1.412989974,1.413069963
2016-04-11T03:54:58.587000,GBPUSD,1.412969947,1.413079977
2016-04-11T03:55:01.251000,GBPUSD,1.412969947,1.413079977
2016-04-11T03:55:30.376000,GBPUSD,1.413010001,1.413089991
2016-04-11T03:55:59.739000,GBPUSD,1.412879944,1.412989974
2016-04-11T03:56:00.201000,GBPUSD,1.412879944,1.412989974
2016-04-11T03:56:26.168000,GBPUSD,1.412870049,1.41297996
2016-04-11T03:56:59.569000,GBPUSD,1.412989974,1.413100004
2016-04-11T03:56:59.769000,GBPUSD,1.412969947,1.413100004
2016-04-11T03:57:00.146000,GBPUSD,1.41297996,1.413100004
2016-04-11T03:57:05.308000,GBPUSD,1.412999988,1.413100004
2016-04-11T03:57:23.385000,GBPUSD,1.412870049,1.412969947
2016-04-11T03:57:59.212000,GBPUSD,1.412950039,1.413089991
2016-04-11T03:58:01.215000,GBPUSD,1.412950039,1.413089991
2016-04-11T03:58:42.902000,GBPUSD,1.412940025,1.413069963
2016-04-11T03:58:49.175000,GBPUSD,1.41297996,1.413089991
2016-04-11T03:58:59.669000,GBPUSD,1.412950039,1.413089991
2016-04-11T03:59:00.608000,GBPUSD,1.412950039,1.413089991
2016-04-11T03:59:11.632000,GBPUSD,1.412950039,1.413089991
2016-04-11T03:59:30.609000,GBPUSD,1.412999988,1.413089991
2016-04-11T03:59:58.397000,GBPUSD,1.412969947,1.413100004
2016-04-11T04:00:00.304000,GBPUSD,1.412969947,1.413100004
2016-04-11T04:00:06.976000,GBPUSD,1.412870049,1.412999988
2016-04-11T04:00:55.100000,GBPUSD,1.413020015,1.413140059
2016-04-11T04:00:59.214000,GBPUSD,1.412989974,1.413130045
2016-04-11T04:01:00.219000,GBPUSD,1.412989974,1.413130045
2016-04-11T04:01:06.775000,GBPUSD,1.41297996,1.413079977
2016-04-11T04:01:59.905000,GBPUSD,1.413030028,1.413149953
2016-04-11T04:02:00.092000,GBPUSD,1.413030028,1.413140059
2016-04-11T04:02:00.200000,GBPUSD,1.413030028,1.413140059
2016-04-11T04:02:43.475000,GBPUSD,1.412969947,1.413069963
2016-04-11T04:02:59.825000,GBPUSD,1.412989974,1.413100004
2016-04-11T04:03:00.111000,GBPUSD,1.412989974,1.413100004
2016-04-11T04:03:21.696000,GBPUSD,1.413010001,1.413100004
2016-04-11T04:03:53.622000,GBPUSD,1.412919998,1.41305995
2016-04-11T04:03:59.996000,GBPUSD,1.412940025,1.41305995
2016-04-11T04:04:00.021000,GBPUSD,1.412940025,1.413069963
2016-04-11T04:04:20.199000,GBPUSD,1.412870049,1.412989974
2016-04-11T04:04:44.806000,GBPUSD,1.412969947,1.413089991
2016-04-11T04:04:59.085000,GBPUSD,1.412950039,1.413050056
2016-04-11T04:05:01.338000,GBPUSD,1.412950039,1.413050056
2016-04-11T04:05:18.001000,GBPUSD,1.412889957,1.412989974
2016-04-11T04:05:32.300000,GBPUSD,1.412969947,1.413100004
2016-04-11T04:05:59.822000,GBPUSD,1.412919998,1.413020015
2016-04-11T04:06:00.286000,GBPUSD,1.412919998,1.413020015
2016-04-11T04:06:03.391000,GBPUSD,1.412909985,1.413010001
2016-04-11T04:06:43.006000,GBPUSD,1.413269997,1.413409948
2016-04-11T04:06:59.746000,GBPUSD,1.413100004,1.413210034
2016-04-11T04:07:00.004000,GBPUSD,1.413100004,1.413210034
2016-04-11T04:07:00.006000,GBPUSD,1.413100004,1.413210034
2016-04-11T04:07:43.732000,GBPUSD,1.413030028,1.413130045
2016-04-11T04:07:59.522000,GBPUSD,1.41305995,1.41316998
2016-04-11T04:08:01.107000,GBPUSD,1.413050056,1.41316998
2016-04-11T04:08:36.801000,GBPUSD,1.412999988,1.413079977
2016-04-11T04:08:51.285000,GBPUSD,1.413079977,1.413190007
2016-04-11T04:08:58.225000,GBPUSD,1.413069963,1.41316998
2016-04-11T04:09:00.228000,GBPUSD,1.413069963,1.41316998
2016-04-11T04:09:35.168000,GBPUSD,1.413040042,1.413130045
2016-04-11T04:09:58.145000,GBPUSD,1.413100004,1.413210034
2016-04-11T04:09:59.993000,GBPUSD,1.413079977,1.413179994
2016-04-11T04:10:00.254000,GBPUSD,1.413079977,1.413190007
2016-04-11T04:10:11.573000,GBPUSD,1.413040042,1.413120031
2016-04-11T04:10:55.716000,GBPUSD,1.413200021,1.413319945
2016-04-11T04:10:59.151000,GBPUSD,1.413179994,1.41328001
2016-04-11T04:11:00.076000,GBPUSD,1.413179994,1.41328001
2016-04-11T04:11:00.650000,GBPUSD,1.413179994,1.413259983
2016-04-11T04:11:32.343000,GBPUSD,1.413339972,1.413419962
2016-04-11T04:11:59.452000,GBPUSD,1.413269997,1.413349986
2016-04-11T04:12:00.457000,GBPUSD,1.413269997,1.413349986
2016-04-11T04:12:15.055000,GBPUSD,1.413269997,1.413349986
2016-04-11T04:12:35.947000,GBPUSD,1.413339972,1.413380027
2016-04-11T04:12:59.813000,GBPUSD,1.413319945,1.413380027
2016-04-11T04:13:02.864000,GBPUSD,1.413319945,1.413380027
2016-04-11T04:13:06.099000,GBPUSD,1.413419962,1.413499951
2016-04-11T04:13:31.268000,GBPUSD,1.41316998,1.413249969
2016-04-11T04:13:59.819000,GBPUSD,1.413190007,1.413269997
2016-04-11T04:14:00.046000,GBPUSD,1.413190007,1.413269997
2016-04-11T04:14:04.680000,GBPUSD,1.413190007,1.413269997
2016-04-11T04:14:51.972000,GBPUSD,1.413329959,1.413400054
2016-04-11T04:14:59.505000,GBPUSD,1.413319945,1.413380027
2016-04-11T04:15:00.501000,GBPUSD,1.413319945,1.413380027
2016-04-11T04:15:47.269000,GBPUSD,1.413269997,1.413339972
2016-04-11T04:15:59.437000,GBPUSD,1.413339972,1.41339004
2016-04-11T04:16:00.434000,GBPUSD,1.413339972,1.41339004
2016-04-11T04:16:01.600000,GBPUSD,1.413319945,1.413380027
2016-04-11T04:16:59.902000,GBPUSD,1.413550019,1.413599968
2016-04-11T04:17:00.002000,GBPUSD,1.413550019,1.413599968
2016-04-11T04:17:14.432000,GBPUSD,1.413540006,1.413579941
2016-04-11T04:17:30.499000,GBPUSD,1.413720012,1.413800001
2016-04-11T04:17:58.754000,GBPUSD,1.413650036,1.413730025
2016-04-11T04:18:02.590000,GBPUSD,1.413650036,1.413730025
2016-04-11T04:18:17.562000,GBPUSD,1.413669944,1.413750052
2016-04-11T04:18:59.067000,GBPUSD,1.413660049,1.413699985
2016-04-11T04:18:59.386000,GBPUSD,1.413660049,1.413709998
2016-04-11T04:19:01.203000,GBPUSD,1.413660049,1.413709998
2016-04-11T04:19:34.908000,GBPUSD,1.413660049,1.413699985
2016-04-11T04:19:59.544000,GBPUSD,1.413660049,1.413720012
2016-04-11T04:20:00.500000,GBPUSD,1.413660049,1.413720012
2016-04-11T04:20:11.942000,GBPUSD,1.413660049,1.413720012
2016-04-11T04:20:22.470000,GBPUSD,1.413419962,1.413490057
2016-04-11T04:20:59.890000,GBPUSD,1.413560033,1.413609982
2016-04-11T04:21:00.040000,GBPUSD,1.413560033,1.413609982
2016-04-11T04:21:27.475000,GBPUSD,1.413560033,1.413630009
2016-04-11T04:21:58.873000,GBPUSD,1.413560033,1.413609982
2016-04-11T04:22:00.246000,GBPUSD,1.413560033,1.413609982
2016-04-11T04:22:27.849000,GBPUSD,1.413560033,1.413630009
2016-04-11T04:22:53.090000,GBPUSD,1.413329959,1.413419962
2016-04-11T04:22:59.388000,GBPUSD,1.413400054,1.41347003
2016-04-11T04:23:00.392000,GBPUSD,1.413400054,1.41347003
2016-04-11T04:23:32.198000,GBPUSD,1.413400054,1.41347003
2016-04-11T04:23:57.841000,GBPUSD,1.41339004,1.41347003
2016-04-11T04:24:01.203000,GBPUSD,1.41339004,1.41347003
2016-04-11T04:24:01.290000,GBPUSD,1.41339004,1.41347003
2016-04-11T04:24:21.287000,GBPUSD,1.413259983,1.413339972
2016-04-11T04:24:59.935000,GBPUSD,1.413300037,1.413380027
2016-04-11T04:25:00.000000,GBPUSD,1.413300037,1.413380027
2016-04-11T04:25:00.000000,GBPUSD,1.413300037,1.413380027
2016-04-11T04:25:59.800000,GBPUSD,1.413519979,1.413589954
2016-04-11T04:26:00.107000,GBPUSD,1.413519979,1.413589954
2016-04-11T04:26:22.521000,GBPUSD,1.413499951,1.413579941
2016-04-11T04:26:59.635000,GBPUSD,1.413679957,1.413759947
2016-04-11T04:27:00.636000,GBPUSD,1.413679957,1.413759947
2016-04-11T04:27:20.173000,GBPUSD,1.413619995,1.413689971
2016-04-11T04:27:59.967000,GBPUSD,1.413720012,1.41376996
2016-04-11T04:28:00.229000,GBPUSD,1.413720012,1.41376996
2016-04-11T04:28:03.335000,GBPUSD,1.413720012,1.41376996
2016-04-11T04:28:24.401000,GBPUSD,1.414049983,1.414100051
2016-04-11T04:28:58.791000,GBPUSD,1.414039969,1.414090037
2016-04-11T04:29:00.796000,GBPUSD,1.414039969,1.414090037
2016-04-11T04:29:36.246000,GBPUSD,1.413900018,1.41395998
2016-04-11T04:29:59.944000,GBPUSD,1.41407001,1.414129972
2016-04-11T04:30:00.014000,GBPUSD,1.41407001,1.414129972
2016-04-11T04:30:01.331000,GBPUSD,1.414430022,1.414499998
2016-04-11T04:30:29.355000,GBPUSD,1.414059997,1.414139986
2016-04-11T04:30:59.260000,GBPUSD,1.414059997,1.414160013
2016-04-11T04:31:00.265000,GBPUSD,1.414059997,1.414160013
2016-04-11T04:31:13.801000,GBPUSD,1.41407001,1.414160013
2016-04-11T04:31:47.015000,GBPUSD,1.413640022,1.413730025
2016-04-11T04:31:59.668000,GBPUSD,1.413709998,1.413800001
2016-04-11T04:32:00.005000,GBPUSD,1.413709998,1.413800001
2016-04-11T04:32:02.824000,GBPUSD,1.413609982,1.413699985
2016-04-11T04:32:18.591000,GBPUSD,1.413730025,1.413800001
2016-04-11T04:32:59.111000,GBPUSD,1.413699985,1.41376996
2016-04-11T04:33:00.251000,GBPUSD,1.413699985,1.41376996
2016-04-11T04:33:37.202000,GBPUSD,1.413460016,1.413550019
2016-04-11T04:33:59.802000,GBPUSD,1.413759947,1.41384995
2016-04-11T04:34:00.201000,GBPUSD,1.413759947,1.41384995
2016-04-11T04:34:16.226000,GBPUSD,1.413779974,1.41384995
2016-04-11T04:34:27.493000,GBPUSD,1.413679957,1.413759947
2016-04-11T04:34:59.768000,GBPUSD,1.413750052,1.413800001
2016-04-11T04:35:00.008000,GBPUSD,1.413750052,1.413800001
2016-04-11T04:35:00.560000,GBPUSD,1.413740039,1.413800001
2016-04-11T04:35:28.932000,GBPUSD,1.413879991,1.413920045
2016-04-11T04:35:59.861000,GBPUSD,1.41384995,1.413920045
2016-04-11T04:36:00.079000,GBPUSD,1.41384995,1.413920045
2016-04-11T04:36:19.203000,GBPUSD,1.41395998,1.414010048
2016-04-11T04:36:59.398000,GBPUSD,1.41376996,1.413830042
2016-04-11T04:37:01.199000,GBPUSD,1.41376996,1.413830042
2016-04-11T04:37:11.427000,GBPUSD,1.41376996,1.413830042
2016-04-11T04:37:59.742000,GBPUSD,1.413969994,1.414039969
2016-04-11T04:38:00.386000,GBPUSD,1.413969994,1.414039969
2016-04-11T04:38:12.600000,GBPUSD,1.413949966,1.414029956
2016-04-11T04:38:24.245000,GBPUSD,1.414170027,1.414250016
2016-04-11T04:38:59.951000,GBPUSD,1.41415,1.414199948
2016-04-11T04:39:00.385000,GBPUSD,1.41415,1.414199948
2016-04-11T04:39:39.301000,GBPUSD,1.414059997,1.414139986
2016-04-11T04:39:40.702000,GBPUSD,1.414280057,1.414350033
2016-04-11T04:39:59.907000,GBPUSD,1.41418004,1.414250016
2016-04-11T04:40:01.309000,GBPUSD,1.41418004,1.414250016
2016-04-11T04:40:01.702000,GBPUSD,1.414309978,1.414379954
2016-04-11T04:40:21.853000,GBPUSD,1.414080024,1.414160013
2016-04-11T04:40:59.016000,GBPUSD,1.414270043,1.414360046
2016-04-11T04:41:00.019000,GBPUSD,1.414270043,1.414360046
2016-04-11T04:41:06.366000,GBPUSD,1.414270043,1.414360046
2016-04-11T04:41:37.844000,GBPUSD,1.413869977,1.413990021
2016-04-11T04:41:56.505000,GBPUSD,1.414019942,1.414100051
2016-04-11T04:42:00.677000,GBPUSD,1.414019942,1.414100051
2016-04-11T04:42:08.701000,GBPUSD,1.414019942,1.414100051
2016-04-11T04:42:39.004000,GBPUSD,1.413990021,1.414049983
2016-04-11T04:42:59.500000,GBPUSD,1.414000034,1.414059997
2016-04-11T04:43:00.314000,GBPUSD,1.414000034,1.414059997
2016-04-11T04:43:14.569000,GBPUSD,1.413990021,1.414049983
2016-04-11T04:43:45.701000,GBPUSD,1.414029956,1.41407001
2016-04-11T04:43:59.623000,GBPUSD,1.414010048,1.41407001
2016-04-11T04:44:02.056000,GBPUSD,1.414000034,1.41407001
2016-04-11T04:44:02.058000,GBPUSD,1.414000034,1.41407001
2016-04-11T04:44:51.828000,GBPUSD,1.414029956,1.414100051
2016-04-11T04:45:03.772000,GBPUSD,1.414029956,1.414100051
2016-04-11T04:45:50.530000,GBPUSD,1.414010048,1.414100051
2016-04-11T04:45:59.942000,GBPUSD,1.414029956,1.414100051
2016-04-11T04:46:01.307000,GBPUSD,1.414029956,1.414100051
2016-04-11T04:46:04.004000,GBPUSD,1.414049983,1.414119959
2016-04-11T04:46:39.602000,GBPUSD,1.414029956,1.414090037
2016-04-11T04:46:59.731000,GBPUSD,1.414039969,1.414109945
2016-04-11T04:47:01.560000,GBPUSD,1.414039969,1.414109945
2016-04-11T04:47:23.084000,GBPUSD,1.414319992,1.414379954
2016-04-11T04:47:50.960000,GBPUSD,1.414010048,1.41407001
2016-04-11T04:47:57.747000,GBPUSD,1.414129972,1.414170027
2016-04-11T04:48:00.373000,GBPUSD,1.414129972,1.414170027
2016-04-11T04:48:09.142000,GBPUSD,1.414129972,1.414170027
2016-04-11T04:48:44.101000,GBPUSD,1.414170027,1.414229989
2016-04-11T04:48:58.588000,GBPUSD,1.414139986,1.41418004
2016-04-11T04:49:01.711000,GBPUSD,1.414139986,1.41418004
2016-04-11T04:49:08.476000,GBPUSD,1.414139986,1.41418004
2016-04-11T04:49:08.781000,GBPUSD,1.414109945,1.414139986
2016-04-11T04:49:58.351000,GBPUSD,1.414129972,1.41418004
2016-04-11T04:50:00.807000,GBPUSD,1.414129972,1.41418004
2016-04-11T04:50:10.803000,GBPUSD,1.414139986,1.41418004
2016-04-11T04:50:50.459000,GBPUSD,1.413810015,1.413869977
2016-04-11T04:50:59.102000,GBPUSD,1.413830042,1.413879991
2016-04-11T04:51:00.807000,GBPUSD,1.413830042,1.413879991
2016-04-11T04:51:13.902000,GBPUSD,1.413879991,1.413920045
2016-04-11T04:51:39.718000,GBPUSD,1.413820028,1.413879991
2016-04-11T04:51:58.586000,GBPUSD,1.413830042,1.413879991
2016-04-11T04:52:00.323000,GBPUSD,1.413830042,1.413879991
2016-04-11T04:52:00.925000,GBPUSD,1.413820028,1.413879991
2016-04-11T04:52:47.384000,GBPUSD,1.413859963,1.413910031
2016-04-11T04:52:57.430000,GBPUSD,1.413840055,1.413900018
2016-04-11T04:53:02.412000,GBPUSD,1.413840055,1.413900018
2016-04-11T04:53:02.630000,GBPUSD,1.413820028,1.413869977
