time,sym,bid,ask
2016-04-10T21:00:17.007000,EURUSD,1.141330004,1.142030001
2016-04-10T21:00:18.336000,EURUSD,1.141579986,1.142030001
2016-04-10T21:00:45.707000,EURUSD,1.141280055,1.14143002
2016-04-10T21:00:57.207000,EURUSD,1.14131999,1.141549945
2016-04-10T21:01:26.086000,EURUSD,1.14131999,1.141549945
2016-04-10T21:01:34.210000,EURUSD,1.141250014,1.14139998
2016-04-10T21:01:35.838000,EURUSD,1.14131999,1.141659975
2016-04-10T21:01:57.923000,EURUSD,1.14131999,1.141549945
2016-04-10T21:02:16.388000,EURUSD,1.14131999,1.141549945
2016-04-10T21:02:16.452000,EURUSD,1.141139984,1.141469955
2016-04-10T21:02:29.132000,EURUSD,1.14131999,1.141690016
2016-04-10T21:02:55.599000,EURUSD,1.141340017,1.141549945
2016-04-10T21:03:10.212000,EURUSD,1.141340017,1.141549945
2016-04-10T21:03:16.910000,EURUSD,1.141250014,1.141499996
2016-04-10T21:03:44.532000,EURUSD,1.141370058,1.141690016
2016-04-10T21:03:59.789000,EURUSD,1.141270041,1.141530037
2016-04-10T21:04:00.816000,EURUSD,1.141270041,1.141530037
2016-04-10T21:04:00.816000,EURUSD,1.141270041,1.141530037
2016-04-10T21:04:58.292000,EURUSD,1.140900016,1.141489983
2016-04-10T21:04:59.537000,EURUSD,1.141029954,1.141489983
2016-04-10T21:05:00.344000,EURUSD,1.141029954,1.141489983
2016-04-10T21:05:00.510000,EURUSD,1.141029954,1.141489983
2016-04-10T21:05:26.745000,EURUSD,1.139989972,1.140239954
2016-04-10T21:05:58.810000,EURUSD,1.14060998,1.140980005
2016-04-10T21:06:01.745000,EURUSD,1.14060998,1.140980005
2016-04-10T21:06:09.837000,EURUSD,1.140660048,1.141229987
2016-04-10T21:06:42.587000,EURUSD,1.14052999,1.14083004
2016-04-10T21:06:59.624000,EURUSD,1.14060998,1.140930057
2016-04-10T21:07:01.122000,EURUSD,1.14060998,1.140959978
2016-04-10T21:07:07.198000,EURUSD,1.140540004,1.140840054
2016-04-10T21:07:56.232000,EURUSD,1.140689969,1.141059995
2016-04-10T21:08:11.256000,EURUSD,1.140689969,1.141059995
2016-04-10T21:08:20.108000,EURUSD,1.140689969,1.141059995
2016-04-10T21:08:22.906000,EURUSD,1.140689969,1.141090035
2016-04-10T21:09:00.039000,EURUSD,1.140689969,1.141090035
2016-04-10T21:09:16.708000,EURUSD,1.140689969,1.141090035
2016-04-10T21:09:59.395000,EURUSD,1.140890002,1.141350031
2016-04-10T21:10:00.654000,EURUSD,1.140890002,1.141350031
2016-04-10T21:10:57.033000,EURUSD,1.140890002,1.141350031
2016-04-10T21:11:01.151000,EURUSD,1.140890002,1.141350031
2016-04-10T21:11:36.847000,EURUSD,1.140890002,1.141350031
2016-04-10T21:11:49.117000,EURUSD,1.141000032,1.141350031
2016-04-10T21:11:57.923000,EURUSD,1.140900016,1.141350031
2016-04-10T21:12:00.731000,EURUSD,1.140900016,1.141350031
2016-04-10T21:12:00.732000,EURUSD,1.140900016,1.141350031
2016-04-10T21:12:46.187000,EURUSD,1.141100049,1.141459942
2016-04-10T21:12:57.922000,EURUSD,1.141029954,1.141459942
2016-04-10T21:13:02.418000,EURUSD,1.141029954,1.141459942
2016-04-10T21:13:37.034000,EURUSD,1.141080022,1.141309977
2016-04-10T21:13:40.470000,EURUSD,1.141149998,1.14139998
2016-04-10T21:13:57.920000,EURUSD,1.141080022,1.141389966
2016-04-10T21:14:04.118000,EURUSD,1.141080022,1.141389966
2016-04-10T21:14:19.381000,EURUSD,1.141309977,1.14151001
2016-04-10T21:14:57.602000,EURUSD,1.140980005,1.141129971
2016-04-10T21:14:57.923000,EURUSD,1.141000032,1.141119957
2016-04-10T21:15:00.209000,EURUSD,1.141000032,1.141119957
2016-04-10T21:15:16.045000,EURUSD,1.141059995,1.141340017
2016-04-10T21:15:53.547000,EURUSD,1.140930057,1.141070008
2016-04-10T21:15:57.924000,EURUSD,1.140969992,1.141059995
2016-04-10T21:16:07.231000,EURUSD,1.140969992,1.141059995
2016-04-10T21:16:39.145000,EURUSD,1.140969992,1.141080022
2016-04-10T21:16:59.829000,EURUSD,1.140900016,1.141080022
2016-04-10T21:17:01.829000,EURUSD,1.140900016,1.141080022
2016-04-10T21:17:16.039000,EURUSD,1.141000032,1.141190052
2016-04-10T21:17:23.485000,EURUSD,1.140140057,1.140599966
2016-04-10T21:17:59.811000,EURUSD,1.140679955,1.140840054
2016-04-10T21:18:00.032000,EURUSD,1.140679955,1.140840054
2016-04-10T21:18:20.635000,EURUSD,1.140810013,1.141090035
2016-04-10T21:18:54.405000,EURUSD,1.140619993,1.140789986
2016-04-10T21:18:59.676000,EURUSD,1.14064002,1.140900016
2016-04-10T21:19:03.034000,EURUSD,1.140669942,1.140900016
2016-04-10T21:19:32.210000,EURUSD,1.140589952,1.140769958
2016-04-10T21:19:58.733000,EURUSD,1.140750051,1.140920043
2016-04-10T21:20:01.136000,EURUSD,1.140750051,1.140920043
2016-04-10T21:20:35.835000,EURUSD,1.140699983,1.140900016
2016-04-10T21:20:59.833000,EURUSD,1.140740037,1.140939951
2016-04-10T21:21:02.310000,EURUSD,1.14072001,1.140920043
2016-04-10T21:21:45.212000,EURUSD,1.140699983,1.140920043
2016-04-10T21:21:57.496000,EURUSD,1.140900016,1.141199946
2016-04-10T21:22:05.664000,EURUSD,1.140900016,1.141199946
2016-04-10T21:22:45.905000,EURUSD,1.140789986,1.140969992
2016-04-10T21:22:59.705000,EURUSD,1.140939951,1.141160011
2016-04-10T21:22:59.754000,EURUSD,1.140820026,1.140990019
2016-04-10T21:23:00.232000,EURUSD,1.140820026,1.140990019
2016-04-10T21:23:03.741000,EURUSD,1.140820026,1.140990019
2016-04-10T21:23:53.342000,EURUSD,1.140849948,1.141010046
2016-04-10T21:24:00.200000,EURUSD,1.140849948,1.141010046
2016-04-10T21:24:00.443000,EURUSD,1.140849948,1.141010046
2016-04-10T21:24:11.349000,EURUSD,1.141250014,1.141499996
2016-04-10T21:24:57.651000,EURUSD,1.14102006,1.141240001
2016-04-10T21:25:00.510000,EURUSD,1.14102006,1.141240001
2016-04-10T21:25:25.311000,EURUSD,1.141000032,1.141199946
2016-04-10T21:25:25.313000,EURUSD,1.141049981,1.141260028
2016-04-10T21:25:56.848000,EURUSD,1.141010046,1.141229987
2016-04-10T21:26:18.017000,EURUSD,1.141039968,1.141229987
2016-04-10T21:26:40.784000,EURUSD,1.141039968,1.141229987
2016-04-10T21:26:43.280000,EURUSD,1.140910029,1.141129971
2016-04-10T21:26:59.644000,EURUSD,1.140959978,1.141199946
2016-04-10T21:27:05.342000,EURUSD,1.140959978,1.141199946
2016-04-10T21:27:29.343000,EURUSD,1.140959978,1.141199946
2016-04-10T21:27:59.317000,EURUSD,1.140959978,1.141229987
2016-04-10T21:28:11.642000,EURUSD,1.140959978,1.141229987
2016-04-10T21:28:14.407000,EURUSD,1.140959978,1.141229987
2016-04-10T21:28:44.408000,EURUSD,1.140930057,1.141139984
2016-04-10T21:28:58.742000,EURUSD,1.140930057,1.141180038
2016-04-10T21:29:06.054000,EURUSD,1.140930057,1.141190052
2016-04-10T21:29:53.343000,EURUSD,1.140930057,1.141199946
2016-04-10T21:29:59.642000,EURUSD,1.140930057,1.141190052
2016-04-10T21:30:00.109000,EURUSD,1.140930057,1.141190052
2016-04-10T21:30:00.111000,EURUSD,1.140930057,1.141190052
2016-04-10T21:30:03.703000,EURUSD,1.140859962,1.141190052
2016-04-10T21:30:59.336000,EURUSD,1.140910029,1.141199946
2016-04-10T21:31:04.589000,EURUSD,1.140910029,1.141199946
2016-04-10T21:31:36.842000,EURUSD,1.140910029,1.141199946
2016-04-10T21:31:37.922000,EURUSD,1.140910029,1.14120996
2016-04-10T21:32:01.742000,EURUSD,1.140910029,1.14120996
2016-04-10T21:32:49.384000,EURUSD,1.140910029,1.14120996
2016-04-10T21:33:02.642000,EURUSD,1.140910029,1.14120996
2016-04-10T21:33:30.542000,EURUSD,1.140910029,1.14120996
2016-04-10T21:34:02.650000,EURUSD,1.140910029,1.14120996
2016-04-10T21:34:12.934000,EURUSD,1.140910029,1.14120996
2016-04-10T21:34:58.013000,EURUSD,1.140890002,1.14120996
2016-04-10T21:35:00.021000,EURUSD,1.140890002,1.14120996
2016-04-10T21:35:12.088000,EURUSD,1.140890002,1.14120996
2016-04-10T21:35:53.344000,EURUSD,1.140910029,1.141229987
2016-04-10T21:36:04.364000,EURUSD,1.140910029,1.141229987
2016-04-10T21:36:54.102000,EURUSD,1.140939951,1.141229987
2016-04-10T21:36:54.207000,EURUSD,1.140910029,1.141229987
2016-04-10T21:37:02.189000,EURUSD,1.140910029,1.141229987
2016-04-10T21:37:02.616000,EURUSD,1.140910029,1.141229987
2016-04-10T21:37:59.643000,EURUSD,1.140849948,1.141129971
2016-04-10T21:38:09.403000,EURUSD,1.140849948,1.141129971
2016-04-10T21:38:09.409000,EURUSD,1.140849948,1.141129971
2016-04-10T21:38:19.932000,EURUSD,1.140910029,1.141170025
2016-04-10T21:38:50.012000,EURUSD,1.140890002,1.141170025
2016-04-10T21:39:04.674000,EURUSD,1.140890002,1.141170025
2016-04-10T21:39:16.139000,EURUSD,1.140890002,1.141170025
2016-04-10T21:39:47.133000,EURUSD,1.140799999,1.141039968
2016-04-10T21:39:58.743000,EURUSD,1.140820026,1.141059995
2016-04-10T21:40:01.132000,EURUSD,1.140820026,1.141059995
2016-04-10T21:40:23.575000,EURUSD,1.140900016,1.141100049
2016-04-10T21:40:55.403000,EURUSD,1.140740037,1.141000032
2016-04-10T21:40:59.786000,EURUSD,1.140799999,1.141010046
2016-04-10T21:41:00.981000,EURUSD,1.140779972,1.141010046
2016-04-10T21:41:43.956000,EURUSD,1.140779972,1.141010046
2016-04-10T21:42:08.340000,EURUSD,1.140779972,1.141010046
2016-04-10T21:42:30.022000,EURUSD,1.140779972,1.141010046
2016-04-10T21:42:47.040000,EURUSD,1.140759945,1.141010046
2016-04-10T21:43:05.643000,EURUSD,1.140759945,1.141010046
2016-04-10T21:43:05.644000,EURUSD,1.140759945,1.141010046
2016-04-10T21:43:53.642000,EURUSD,1.140759945,1.14102006
2016-04-10T21:44:00.018000,EURUSD,1.140759945,1.14102006
2016-04-10T21:44:22.810000,EURUSD,1.140709996,1.140939951
2016-04-10T21:44:59.643000,EURUSD,1.140799999,1.14102006
2016-04-10T21:45:03.731000,EURUSD,1.140799999,1.14102006
2016-04-10T21:45:51.951000,EURUSD,1.140779972,1.141000032
2016-04-10T21:45:55.889000,EURUSD,1.140820026,1.14102006
2016-04-10T21:45:59.606000,EURUSD,1.140810013,1.14102006
2016-04-10T21:46:00.669000,EURUSD,1.140810013,1.141039968
2016-04-10T21:46:02.683000,EURUSD,1.140810013,1.141039968
2016-04-10T21:46:43.407000,EURUSD,1.140519977,1.140650034
2016-04-10T21:46:58.018000,EURUSD,1.140570045,1.140810013
2016-04-10T21:47:01.431000,EURUSD,1.140570045,1.140810013
2016-04-10T21:47:52.145000,EURUSD,1.140570045,1.140810013
2016-04-10T21:48:00.884000,EURUSD,1.140570045,1.140810013
2016-04-10T21:48:06.543000,EURUSD,1.140519977,1.140769958
2016-04-10T21:48:56.853000,EURUSD,1.14060998,1.14083004
2016-04-10T21:48:58.597000,EURUSD,1.140599966,1.14083004
2016-04-10T21:49:00.242000,EURUSD,1.140599966,1.14083004
2016-04-10T21:49:17.614000,EURUSD,1.140599966,1.14083004
2016-04-10T21:49:37.922000,EURUSD,1.140599966,1.140810013
2016-04-10T21:49:58.532000,EURUSD,1.140599966,1.140820026
2016-04-10T21:50:03.148000,EURUSD,1.140599966,1.140820026
2016-04-10T21:50:09.935000,EURUSD,1.140599966,1.140810013
2016-04-10T21:50:53.043000,EURUSD,1.140650034,1.140840054
2016-04-10T21:51:03.842000,EURUSD,1.140650034,1.140840054
2016-04-10T21:51:09.705000,EURUSD,1.140630007,1.140840054
2016-04-10T21:51:58.758000,EURUSD,1.140669942,1.140910029
2016-04-10T21:52:06.422000,EURUSD,1.140669942,1.140910029
2016-04-10T21:52:49.609000,EURUSD,1.14072001,1.140930057
2016-04-10T21:52:58.140000,EURUSD,1.140660048,1.140910029
2016-04-10T21:52:58.769000,EURUSD,1.140679955,1.140910029
2016-04-10T21:53:00.458000,EURUSD,1.140679955,1.140910029
2016-04-10T21:53:10.254000,EURUSD,1.140730023,1.140949965
2016-04-10T21:53:56.932000,EURUSD,1.140660048,1.140890002
2016-04-10T21:53:58.457000,EURUSD,1.140669942,1.140890002
2016-04-10T21:54:00.607000,EURUSD,1.140669942,1.140890002
2016-04-10T21:54:50.035000,EURUSD,1.140699983,1.140890002
2016-04-10T21:54:59.072000,EURUSD,1.140669942,1.140849948
2016-04-10T21:55:02.477000,EURUSD,1.140679955,1.140849948
2016-04-10T21:55:22.198000,EURUSD,1.140689969,1.140879989
2016-04-10T21:55:36.122000,EURUSD,1.140660048,1.140849948
2016-04-10T21:55:55.442000,EURUSD,1.140679955,1.140869975
2016-04-10T21:56:06.842000,EURUSD,1.140679955,1.140869975
2016-04-10T21:56:28.509000,EURUSD,1.140679955,1.140869975
2016-04-10T21:56:36.110000,EURUSD,1.140660048,1.140840054
2016-04-10T21:56:55.248000,EURUSD,1.140669942,1.140859962
2016-04-10T21:57:00.283000,EURUSD,1.140679955,1.140859962
2016-04-10T21:57:22.114000,EURUSD,1.140699983,1.140890002
2016-04-10T21:57:42.043000,EURUSD,1.140650034,1.140820026
2016-04-10T21:57:57.923000,EURUSD,1.140660048,1.140840054
2016-04-10T21:58:00.702000,EURUSD,1.140660048,1.140849948
2016-04-10T21:58:09.506000,EURUSD,1.140630007,1.14083004
2016-04-10T21:58:13.023000,EURUSD,1.140740037,1.140939951
2016-04-10T21:58:59.835000,EURUSD,1.140709996,1.140920043
2016-04-10T21:59:04.431000,EURUSD,1.140709996,1.140920043
2016-04-10T21:59:11.092000,EURUSD,1.140759945,1.140959978
2016-04-10T21:59:58.265000,EURUSD,1.140589952,1.140789986
2016-04-10T22:00:00.012000,EURUSD,1.140589952,1.140789986
2016-04-10T22:00:00.476000,EURUSD,1.140630007,1.140810013
2016-04-10T22:00:24.193000,EURUSD,1.140239954,1.140470028
2016-04-10T22:00:59.778000,EURUSD,1.140409946,1.14060998
2016-04-10T22:01:00.974000,EURUSD,1.140409946,1.14060998
2016-04-10T22:01:07.406000,EURUSD,1.140540004,1.140669942
2016-04-10T22:01:54.379000,EURUSD,1.140349984,1.140550017
2016-04-10T22:01:59.910000,EURUSD,1.140380025,1.140580058
2016-04-10T22:02:00.352000,EURUSD,1.140380025,1.140580058
2016-04-10T22:02:14.824000,EURUSD,1.140300035,1.140499949
2016-04-10T22:02:36.216000,EURUSD,1.140480042,1.140660048
2016-04-10T22:02:59.833000,EURUSD,1.140480042,1.140619993
2016-04-10T22:03:00.012000,EURUSD,1.140480042,1.14060998
2016-04-10T22:03:44.449000,EURUSD,1.140480042,1.140630007
2016-04-10T22:03:54.328000,EURUSD,1.140409946,1.140499949
2016-04-10T22:03:59.560000,EURUSD,1.140409946,1.140540004
2016-04-10T22:04:00.042000,EURUSD,1.140409946,1.140540004
2016-04-10T22:04:02.334000,EURUSD,1.140409946,1.140540004
2016-04-10T22:04:59.698000,EURUSD,1.140550017,1.14072001
2016-04-10T22:04:59.869000,EURUSD,1.140519977,1.140709996
2016-04-10T22:05:00.017000,EURUSD,1.140519977,1.140709996
2016-04-10T22:05:08.709000,EURUSD,1.140509963,1.140699983
2016-04-10T22:05:59.918000,EURUSD,1.14064002,1.140840054
2016-04-10T22:06:00.019000,EURUSD,1.14064002,1.140840054
2016-04-10T22:06:02.568000,EURUSD,1.140799999,1.140949965
2016-04-10T22:06:17.403000,EURUSD,1.140490055,1.140689969
2016-04-10T22:06:59.042000,EURUSD,1.140560031,1.140750051
2016-04-10T22:07:02.576000,EURUSD,1.140560031,1.140750051
2016-04-10T22:07:47.805000,EURUSD,1.14060998,1.140750051
2016-04-10T22:07:53.946000,EURUSD,1.140560031,1.140740037
2016-04-10T22:07:59.243000,EURUSD,1.140560031,1.140750051
2016-04-10T22:08:01.503000,EURUSD,1.140560031,1.140750051
2016-04-10T22:08:19.316000,EURUSD,1.140560031,1.140750051
2016-04-10T22:08:56.630000,EURUSD,1.140779972,1.140980005
2016-04-10T22:08:59.977000,EURUSD,1.140759945,1.140949965
2016-04-10T22:09:00.024000,EURUSD,1.140759945,1.140949965
2016-04-10T22:09:25.196000,EURUSD,1.140799999,1.141000032
2016-04-10T22:09:59.985000,EURUSD,1.140740037,1.140939951
2016-04-10T22:10:00.165000,EURUSD,1.140740037,1.140939951
2016-04-10T22:10:06.014000,EURUSD,1.140740037,1.140939951
2016-04-10T22:10:30.409000,EURUSD,1.140310049,1.140329957
2016-04-10T22:10:59.933000,EURUSD,1.14064002,1.140669942
2016-04-10T22:11:00.031000,EURUSD,1.14064002,1.140669942
2016-04-10T22:11:11.803000,EURUSD,1.140580058,1.140669942
2016-04-10T22:11:50.912000,EURUSD,1.140810013,1.140959978
2016-04-10T22:11:59.982000,EURUSD,1.140759945,1.140869975
2016-04-10T22:12:00.006000,EURUSD,1.140759945,1.140869975
2016-04-10T22:12:00.191000,EURUSD,1.140789986,1.140900016
2016-04-10T22:12:38.515000,EURUSD,1.140390038,1.140560031
2016-04-10T22:12:59.889000,EURUSD,1.140519977,1.140669942
2016-04-10T22:13:00.487000,EURUSD,1.140519977,1.140669942
2016-04-10T22:13:18.354000,EURUSD,1.140540004,1.140709996
2016-04-10T22:13:35.630000,EURUSD,1.140460014,1.140630007
2016-04-10T22:13:59.889000,EURUSD,1.140470028,1.140630007
2016-04-10T22:14:00.019000,EURUSD,1.140470028,1.140630007
2016-04-10T22:14:04.266000,EURUSD,1.140470028,1.140630007
2016-04-10T22:14:56.013000,EURUSD,1.140570045,1.140689969
2016-04-10T22:15:00.054000,EURUSD,1.140570045,1.140689969
2016-04-10T22:15:00.054000,EURUSD,1.140570045,1.140689969
2016-04-10T22:15:59.750000,EURUSD,1.140599966,1.140709996
2016-04-10T22:16:00.012000,EURUSD,1.140599966,1.140709996
2016-04-10T22:16:11.576000,EURUSD,1.14060998,1.14072001
2016-04-10T22:16:58.658000,EURUSD,1.140580058,1.140689969
2016-04-10T22:17:00.635000,EURUSD,1.140580058,1.140689969
2016-04-10T22:17:12.146000,EURUSD,1.140580058,1.140689969
2016-04-10T22:17:22.365000,EURUSD,1.14060998,1.14072001
2016-04-10T22:17:59.906000,EURUSD,1.140599966,1.14072001
2016-04-10T22:18:00.120000,EURUSD,1.140599966,1.14072001
2016-04-10T22:18:14.789000,EURUSD,1.140599966,1.14072001
2016-04-10T22:18:21.603000,EURUSD,1.140580058,1.140689969
2016-04-10T22:18:59.996000,EURUSD,1.140589952,1.140699983
2016-04-10T22:19:00.206000,EURUSD,1.140589952,1.140699983
2016-04-10T22:19:01.866000,EURUSD,1.140589952,1.140699983
2016-04-10T22:19:55.061000,EURUSD,1.140470028,1.140580058
2016-04-10T22:19:59.628000,EURUSD,1.140480042,1.140589952
2016-04-10T22:20:00.685000,EURUSD,1.140480042,1.140589952
2016-04-10T22:20:51.608000,EURUSD,1.140480042,1.140570045
2016-04-10T22:20:59.492000,EURUSD,1.140509963,1.140619993
2016-04-10T22:20:59.939000,EURUSD,1.140490055,1.140599966
2016-04-10T22:21:00.004000,EURUSD,1.140490055,1.140599966
2016-04-10T22:21:29.542000,EURUSD,1.140490055,1.140599966
2016-04-10T22:21:56.328000,EURUSD,1.140509963,1.140619993
2016-04-10T22:21:59.972000,EURUSD,1.140499949,1.14060998
2016-04-10T22:22:00.438000,EURUSD,1.140499949,1.14060998
2016-04-10T22:22:03.620000,EURUSD,1.140499949,1.14060998
2016-04-10T22:22:39.162000,EURUSD,1.140650034,1.140759945
2016-04-10T22:22:53.677000,EURUSD,1.14060998,1.14072001
2016-04-10T22:23:11.167000,EURUSD,1.140599966,1.14072001
2016-04-10T22:23:20.676000,EURUSD,1.140599966,1.14072001
2016-04-10T22:23:34.909000,EURUSD,1.140540004,1.140650034
2016-04-10T22:23:59.877000,EURUSD,1.140550017,1.140660048
2016-04-10T22:24:00.024000,EURUSD,1.140550017,1.140660048
2016-04-10T22:24:18.363000,EURUSD,1.140599966,1.14072001
2016-04-10T22:24:56.224000,EURUSD,1.140550017,1.140660048
2016-04-10T22:24:59.827000,EURUSD,1.140560031,1.140660048
2016-04-10T22:25:00.032000,EURUSD,1.140560031,1.140660048
2016-04-10T22:25:30.061000,EURUSD,1.140560031,1.14064002
2016-04-10T22:25:49.142000,EURUSD,1.140580058,1.140650034
2016-04-10T22:25:59.411000,EURUSD,1.140570045,1.140650034
2016-04-10T22:26:00.092000,EURUSD,1.140570045,1.140650034
2016-04-10T22:26:16.386000,EURUSD,1.140570045,1.140650034
2016-04-10T22:26:52.233000,EURUSD,1.140580058,1.140650034
2016-04-10T22:27:04.669000,EURUSD,1.140580058,1.140650034
2016-04-10T22:27:04.669000,EURUSD,1.140580058,1.140650034
2016-04-10T22:27:24.376000,EURUSD,1.140550017,1.140619993
2016-04-10T22:27:58.828000,EURUSD,1.140560031,1.140630007
2016-04-10T22:28:00.242000,EURUSD,1.140560031,1.140630007
2016-04-10T22:28:13.027000,EURUSD,1.140560031,1.140630007
2016-04-10T22:28:52.720000,EURUSD,1.140570045,1.140660048
2016-04-10T22:29:05.194000,EURUSD,1.140570045,1.140660048
2016-04-10T22:29:20.832000,EURUSD,1.140599966,1.140679955
2016-04-10T22:29:55.533000,EURUSD,1.140550017,1.14064002
2016-04-10T22:30:00.583000,EURUSD,1.140550017,1.14064002
2016-04-10T22:30:59.831000,EURUSD,1.140560031,1.140630007
2016-04-10T22:30:59.960000,EURUSD,1.140560031,1.140660048
2016-04-10T22:31:00.011000,EURUSD,1.140560031,1.140660048
2016-04-10T22:31:00.302000,EURUSD,1.140550017,1.14064002
2016-04-10T22:31:30.242000,EURUSD,1.140580058,1.140689969
2016-04-10T22:31:55.370000,EURUSD,1.140580058,1.140679955
2016-04-10T22:32:00.694000,EURUSD,1.140580058,1.140679955
2016-04-10T22:32:30.305000,EURUSD,1.140550017,1.140630007
2016-04-10T22:32:53.677000,EURUSD,1.14064002,1.140750051
2016-04-10T22:32:59.997000,EURUSD,1.14064002,1.140709996
2016-04-10T22:33:00.004000,EURUSD,1.14064002,1.140709996
2016-04-10T22:33:00.275000,EURUSD,1.140599966,1.140679955
2016-04-10T22:33:59.516000,EURUSD,1.140779972,1.140869975
2016-04-10T22:33:59.994000,EURUSD,1.140750051,1.140840054
2016-04-10T22:34:00.071000,EURUSD,1.140750051,1.140840054
2016-04-10T22:34:13.304000,EURUSD,1.140730023,1.140799999
2016-04-10T22:34:37.317000,EURUSD,1.140840054,1.140939951
2016-04-10T22:34:58.147000,EURUSD,1.14083004,1.140920043
2016-04-10T22:35:00.420000,EURUSD,1.14083004,1.140920043
2016-04-10T22:35:30.572000,EURUSD,1.14083004,1.140900016
2016-04-10T22:35:58.642000,EURUSD,1.14083004,1.140930057
2016-04-10T22:36:03.507000,EURUSD,1.14083004,1.140930057
2016-04-10T22:36:17.056000,EURUSD,1.140849948,1.140949965
2016-04-10T22:36:44.647000,EURUSD,1.14083004,1.140900016
2016-04-10T22:36:58.540000,EURUSD,1.14083004,1.140910029
2016-04-10T22:37:01.232000,EURUSD,1.14083004,1.140910029
2016-04-10T22:37:58.835000,EURUSD,1.140840054,1.140910029
2016-04-10T22:37:59.502000,EURUSD,1.14083004,1.140890002
2016-04-10T22:38:00.226000,EURUSD,1.14083004,1.140890002
2016-04-10T22:38:16.294000,EURUSD,1.140799999,1.140879989
2016-04-10T22:38:48.014000,EURUSD,1.14083004,1.140920043
2016-04-10T22:38:57.325000,EURUSD,1.14083004,1.140910029
2016-04-10T22:39:00.819000,EURUSD,1.14083004,1.140910029
2016-04-10T22:39:57.405000,EURUSD,1.140799999,1.140890002
2016-04-10T22:39:59.146000,EURUSD,1.140879989,1.140959978
2016-04-10T22:39:59.668000,EURUSD,1.140879989,1.140949965
2016-04-10T22:40:00.109000,EURUSD,1.140879989,1.140949965
2016-04-10T22:40:08.409000,EURUSD,1.140879989,1.140959978
2016-04-10T22:40:27.888000,EURUSD,1.140799999,1.140900016
2016-04-10T22:40:58.631000,EURUSD,1.140869975,1.140959978
2016-04-10T22:41:01.120000,EURUSD,1.140869975,1.140959978
2016-04-10T22:41:13.835000,EURUSD,1.140910029,1.140990019
2016-04-10T22:41:47.837000,EURUSD,1.140849948,1.140900016
2016-04-10T22:41:58.847000,EURUSD,1.140849948,1.140930057
2016-04-10T22:42:01.719000,EURUSD,1.140849948,1.140930057
2016-04-10T22:42:02.631000,EURUSD,1.140849948,1.140930057
2016-04-10T22:42:42.713000,EURUSD,1.14041996,1.140509963
2016-04-10T22:42:59.959000,EURUSD,1.14052999,1.14060998
2016-04-10T22:43:00.002000,EURUSD,1.14052999,1.14060998
2016-04-10T22:43:02.956000,EURUSD,1.140499949,1.140580058
2016-04-10T22:43:39.861000,EURUSD,1.140589952,1.140679955
2016-04-10T22:43:57.847000,EURUSD,1.140589952,1.140660048
2016-04-10T22:44:00.010000,EURUSD,1.140589952,1.140660048
2016-04-10T22:44:24.039000,EURUSD,1.140509963,1.140580058
2016-04-10T22:44:42.040000,EURUSD,1.140619993,1.14072001
2016-04-10T22:44:59.246000,EURUSD,1.140619993,1.140709996
2016-04-10T22:45:00.024000,EURUSD,1.140619993,1.140709996
2016-04-10T22:45:26.010000,EURUSD,1.14052999,1.14060998
2016-04-10T22:45:58.742000,EURUSD,1.140650034,1.140740037
2016-04-10T22:46:00.565000,EURUSD,1.140650034,1.140740037
2016-04-10T22:46:31.073000,EURUSD,1.140630007,1.140709996
2016-04-10T22:46:46.006000,EURUSD,1.140730023,1.140820026
2016-04-10T22:46:59.380000,EURUSD,1.14072001,1.140799999
2016-04-10T22:47:00.097000,EURUSD,1.14072001,1.140799999
2016-04-10T22:47:23.516000,EURUSD,1.14060998,1.140679955
2016-04-10T22:47:47.657000,EURUSD,1.140750051,1.140779972
2016-04-10T22:47:59.906000,EURUSD,1.140689969,1.140779972
2016-04-10T22:48:00.074000,EURUSD,1.140689969,1.140779972
2016-04-10T22:48:03.942000,EURUSD,1.140689969,1.140789986
2016-04-10T22:48:42.085000,EURUSD,1.140689969,1.140759945
2016-04-10T22:48:57.474000,EURUSD,1.140689969,1.140769958
2016-04-10T22:49:05.341000,EURUSD,1.140689969,1.140769958
2016-04-10T22:49:22.006000,EURUSD,1.140689969,1.140779972
2016-04-10T22:49:53.624000,EURUSD,1.140439987,1.140499949
2016-04-10T22:49:59.802000,EURUSD,1.140450001,1.140519977
2016-04-10T22:50:00.060000,EURUSD,1.140450001,1.140519977
2016-04-10T22:50:26.116000,EURUSD,1.140490055,1.140570045
2016-04-10T22:50:59.550000,EURUSD,1.140429974,1.140499949
2016-04-10T22:51:00.018000,EURUSD,1.140429974,1.140499949
2016-04-10T22:51:29.657000,EURUSD,1.140480042,1.140499949
2016-04-10T22:51:54.011000,EURUSD,1.140329957,1.140380025
2016-04-10T22:51:59.666000,EURUSD,1.140359998,1.140429974
2016-04-10T22:52:00.068000,EURUSD,1.140359998,1.140429974
2016-04-10T22:52:02.106000,EURUSD,1.14041996,1.140490055
2016-04-10T22:52:31.805000,EURUSD,1.140329957,1.140380025
2016-04-10T22:52:59.077000,EURUSD,1.140370011,1.140429974
2016-04-10T22:53:04.360000,EURUSD,1.140370011,1.140429974
2016-04-10T22:53:05.867000,EURUSD,1.14041996,1.140490055
2016-04-10T22:53:12.757000,EURUSD,1.140329957,1.140400052
2016-04-10T22:53:59.177000,EURUSD,1.140339971,1.14041996
2016-04-10T22:54:03.813000,EURUSD,1.140339971,1.14041996
2016-04-10T22:54:40.754000,EURUSD,1.140329957,1.140409946
2016-04-10T22:54:42.083000,EURUSD,1.14041996,1.140499949
2016-04-10T22:54:53.698000,EURUSD,1.140400052,1.140480042
2016-04-10T22:55:00.334000,EURUSD,1.140400052,1.140480042
2016-04-10T22:55:42.096000,EURUSD,1.140380025,1.140470028
2016-04-10T22:55:59.617000,EURUSD,1.140450001,1.140499949
2016-04-10T22:56:01.886000,EURUSD,1.140450001,1.140499949
2016-04-10T22:56:44.831000,EURUSD,1.140480042,1.140499949
2016-04-10T22:56:58.850000,EURUSD,1.14041996,1.140499949
2016-04-10T22:57:02.084000,EURUSD,1.14041996,1.140499949
2016-04-10T22:57:02.639000,EURUSD,1.140349984,1.14041996
2016-04-10T22:57:53.955000,EURUSD,1.140470028,1.140499949
2016-04-10T22:57:59.744000,EURUSD,1.140439987,1.140499949
2016-04-10T22:58:00.563000,EURUSD,1.140439987,1.140499949
2016-04-10T22:58:05.493000,EURUSD,1.140439987,1.140499949
2016-04-10T22:58:57.890000,EURUSD,1.140490055,1.140499949
2016-04-10T22:58:59.970000,EURUSD,1.140470028,1.140499949
2016-04-10T22:59:03.531000,EURUSD,1.140470028,1.140499949
2016-04-10T22:59:35.431000,EURUSD,1.140470028,1.140499949
2016-04-10T22:59:57.923000,EURUSD,1.140490055,1.140499949
2016-04-10T23:00:00.105000,EURUSD,1.140490055,1.140499949
2016-04-10T23:00:02.636000,EURUSD,1.140490055,1.140519977
2016-04-10T23:00:02.917000,EURUSD,1.140429974,1.140490055
2016-04-10T23:00:58.231000,EURUSD,1.140429974,1.140499949
2016-04-10T23:01:01.425000,EURUSD,1.140429974,1.140499949
2016-04-10T23:01:32.741000,EURUSD,1.140409946,1.140490055
2016-04-10T23:01:59.982000,EURUSD,1.140450001,1.140519977
2016-04-10T23:02:00.048000,EURUSD,1.140450001,1.140519977
2016-04-10T23:02:46.751000,EURUSD,1.140480042,1.140519977
2016-04-10T23:02:47.474000,EURUSD,1.140439987,1.140490055
2016-04-10T23:02:59.609000,EURUSD,1.140460014,1.140519977
2016-04-10T23:03:00.870000,EURUSD,1.140460014,1.140519977
2016-04-10T23:03:16.551000,EURUSD,1.140409946,1.140470028
2016-04-10T23:03:45.392000,EURUSD,1.140490055,1.140519977
2016-04-10T23:03:59.747000,EURUSD,1.140450001,1.140519977
2016-04-10T23:04:00.706000,EURUSD,1.140450001,1.140519977
2016-04-10T23:04:58.525000,EURUSD,1.140429974,1.140499949
2016-04-10T23:04:59.536000,EURUSD,1.140460014,1.140519977
2016-04-10T23:05:02.441000,EURUSD,1.140460014,1.140519977
2016-04-10T23:05:07.927000,EURUSD,1.140439987,1.140490055
2016-04-10T23:05:59.529000,EURUSD,1.140589952,1.14064002
2016-04-10T23:06:00.271000,EURUSD,1.140589952,1.14064002
2016-04-10T23:06:06.807000,EURUSD,1.140589952,1.14064002
2016-04-10T23:06:58.906000,EURUSD,1.140390038,1.140439987
2016-04-10T23:06:58.972000,EURUSD,1.140390038,1.140450001
2016-04-10T23:07:00.030000,EURUSD,1.140390038,1.140450001
2016-04-10T23:07:26.101000,EURUSD,1.140390038,1.140439987
2016-04-10T23:07:31.620000,EURUSD,1.140400052,1.140460014
2016-04-10T23:07:57.277000,EURUSD,1.140390038,1.140450001
2016-04-10T23:08:00.581000,EURUSD,1.140390038,1.140450001
2016-04-10T23:08:00.587000,EURUSD,1.140390038,1.140460014
2016-04-10T23:08:20.188000,EURUSD,1.140259981,1.140319943
2016-04-10T23:08:59.530000,EURUSD,1.140290022,1.140349984
2016-04-10T23:09:00.490000,EURUSD,1.140290022,1.140349984
2016-04-10T23:09:01.694000,EURUSD,1.140290022,1.140349984
2016-04-10T23:09:29.045000,EURUSD,1.140400052,1.140439987
2016-04-10T23:09:53.505000,EURUSD,1.140359998,1.140409946
2016-04-10T23:10:01.026000,EURUSD,1.140359998,1.140409946
2016-04-10T23:10:01.026000,EURUSD,1.140359998,1.140409946
2016-04-10T23:10:57.922000,EURUSD,1.140660048,1.140709996
2016-04-10T23:11:00.140000,EURUSD,1.140660048,1.140709996
2016-04-10T23:11:06.008000,EURUSD,1.140669942,1.140709996
2016-04-10T23:11:26.018000,EURUSD,1.14060998,1.14064002
2016-04-10T23:11:59.240000,EURUSD,1.140650034,1.140689969
2016-04-10T23:12:00.246000,EURUSD,1.140650034,1.140689969
2016-04-10T23:12:01.139000,EURUSD,1.140650034,1.140689969
2016-04-10T23:12:34.905000,EURUSD,1.140669942,1.140709996
2016-04-10T23:12:58.438000,EURUSD,1.140660048,1.140689969
2016-04-10T23:13:00.065000,EURUSD,1.140660048,1.140689969
2016-04-10T23:13:09.012000,EURUSD,1.140650034,1.140679955
2016-04-10T23:13:35.486000,EURUSD,1.140660048,1.140699983
2016-04-10T23:13:59.988000,EURUSD,1.140660048,1.140679955
2016-04-10T23:14:04.611000,EURUSD,1.140660048,1.140679955
2016-04-10T23:14:29.155000,EURUSD,1.140650034,1.140689969
2016-04-10T23:14:59.661000,EURUSD,1.14060998,1.140630007
2016-04-10T23:15:00.021000,EURUSD,1.14060998,1.140630007
2016-04-10T23:15:19.705000,EURUSD,1.14060998,1.14064002
2016-04-10T23:15:49.734000,EURUSD,1.140550017,1.140599966
2016-04-10T23:15:57.922000,EURUSD,1.140560031,1.140599966
2016-04-10T23:16:00.132000,EURUSD,1.140560031,1.140599966
2016-04-10T23:16:27.547000,EURUSD,1.140550017,1.140599966
2016-04-10T23:16:40.666000,EURUSD,1.140599966,1.140650034
2016-04-10T23:16:53.206000,EURUSD,1.140599966,1.14064002
2016-04-10T23:17:02.180000,EURUSD,1.140599966,1.14064002
2016-04-10T23:17:43.638000,EURUSD,1.140570045,1.14060998
2016-04-10T23:17:59.826000,EURUSD,1.140650034,1.140689969
2016-04-10T23:18:00.006000,EURUSD,1.140650034,1.140689969
2016-04-10T23:18:41.883000,EURUSD,1.140660048,1.140689969
2016-04-10T23:18:55.996000,EURUSD,1.140550017,1.14060998
2016-04-10T23:18:59.618000,EURUSD,1.14060998,1.140660048
2016-04-10T23:19:00.027000,EURUSD,1.14060998,1.140660048
2016-04-10T23:19:08.242000,EURUSD,1.140750051,1.140810013
2016-04-10T23:19:57.922000,EURUSD,1.14052999,1.140589952
2016-04-10T23:20:00.831000,EURUSD,1.14052999,1.140589952
2016-04-10T23:20:02.277000,EURUSD,1.140550017,1.14060998
2016-04-10T23:20:30.165000,EURUSD,1.14041996,1.140470028
2016-04-10T23:20:57.922000,EURUSD,1.140460014,1.140519977
2016-04-10T23:21:01.185000,EURUSD,1.140460014,1.140519977
2016-04-10T23:21:05.169000,EURUSD,1.140490055,1.140550017
2016-04-10T23:21:58.007000,EURUSD,1.140439987,1.140480042
2016-04-10T23:22:04.332000,EURUSD,1.140439987,1.140480042
2016-04-10T23:22:18.039000,EURUSD,1.140429974,1.140480042
2016-04-10T23:22:51.304000,EURUSD,1.140490055,1.14052999
2016-04-10T23:22:56.795000,EURUSD,1.140480042,1.14052999
2016-04-10T23:23:00.019000,EURUSD,1.140480042,1.14052999
2016-04-10T23:23:11.471000,EURUSD,1.140550017,1.140599966
2016-04-10T23:23:19.407000,EURUSD,1.140450001,1.140499949
2016-04-10T23:23:58.174000,EURUSD,1.140519977,1.140560031
2016-04-10T23:24:02.926000,EURUSD,1.140519977,1.140560031
2016-04-10T23:24:31.207000,EURUSD,1.140519977,1.140550017
2016-04-10T23:24:59.403000,EURUSD,1.14052999,1.140580058
2016-04-10T23:25:00.232000,EURUSD,1.14052999,1.140580058
2016-04-10T23:25:05.129000,EURUSD,1.14052999,1.140580058
2016-04-10T23:25:18.811000,EURUSD,1.140359998,1.140390038
2016-04-10T23:25:59.404000,EURUSD,1.140509963,1.140560031
2016-04-10T23:26:07.903000,EURUSD,1.140509963,1.140560031
2016-04-10T23:26:07.904000,EURUSD,1.140509963,1.140560031
2016-04-10T23:26:39.491000,EURUSD,1.14060998,1.140669942
2016-04-10T23:26:56.582000,EURUSD,1.140570045,1.140599966
2016-04-10T23:27:00.328000,EURUSD,1.140570045,1.140599966
2016-04-10T23:27:01.518000,EURUSD,1.140570045,1.140599966
2016-04-10T23:27:56.790000,EURUSD,1.140570045,1.140619993
2016-04-10T23:28:07.016000,EURUSD,1.140570045,1.140619993
2016-04-10T23:28:15.532000,EURUSD,1.140570045,1.140630007
2016-04-10T23:28:54.838000,EURUSD,1.140540004,1.140589952
2016-04-10T23:29:03.131000,EURUSD,1.140540004,1.140589952
2016-04-10T23:29:08.335000,EURUSD,1.140540004,1.140589952
2016-04-10T23:29:58.858000,EURUSD,1.140540004,1.140570045
2016-04-10T23:30:00.049000,EURUSD,1.140540004,1.140570045
2016-04-10T23:30:01.629000,EURUSD,1.140540004,1.140570045
2016-04-10T23:30:59.708000,EURUSD,1.140429974,1.140480042
2016-04-10T23:31:00.711000,EURUSD,1.140429974,1.140480042
2016-04-10T23:31:28.826000,EURUSD,1.140429974,1.140480042
2016-04-10T23:31:59.055000,EURUSD,1.140370011,1.140429974
2016-04-10T23:32:00.148000,EURUSD,1.140370011,1.140429974
2016-04-10T23:32:33.804000,EURUSD,1.140349984,1.140400052
2016-04-10T23:32:57.923000,EURUSD,1.140409946,1.140460014
2016-04-10T23:33:00.667000,EURUSD,1.140409946,1.140460014
2016-04-10T23:33:12.132000,EURUSD,1.140409946,1.140460014
2016-04-10T23:33:59.867000,EURUSD,1.14041996,1.140460014
2016-04-10T23:34:00.870000,EURUSD,1.14041996,1.140460014
2016-04-10T23:34:08.522000,EURUSD,1.140439987,1.140499949
2016-04-10T23:34:59.966000,EURUSD,1.14041996,1.140460014
2016-04-10T23:35:01.416000,EURUSD,1.14041996,1.140460014
2016-04-10T23:35:04.879000,EURUSD,1.14041996,1.140460014
2016-04-10T23:35:57.516000,EURUSD,1.140450001,1.140499949
2016-04-10T23:35:57.693000,EURUSD,1.140450001,1.140490055
2016-04-10T23:36:01.656000,EURUSD,1.140450001,1.140499949
2016-04-10T23:36:15.031000,EURUSD,1.140429974,1.140490055
2016-04-10T23:36:59.138000,EURUSD,1.140450001,1.140499949
2016-04-10T23:37:01.132000,EURUSD,1.140450001,1.140499949
2016-04-10T23:37:05.968000,EURUSD,1.140460014,1.140499949
2016-04-10T23:37:25.058000,EURUSD,1.140429974,1.140490055
2016-04-10T23:37:47.559000,EURUSD,1.140450001,1.140499949
2016-04-10T23:38:02.731000,EURUSD,1.140450001,1.140499949
2016-04-10T23:38:04.809000,EURUSD,1.140429974,1.140490055
2016-04-10T23:38:59.998000,EURUSD,1.140540004,1.140589952
2016-04-10T23:39:00.007000,EURUSD,1.140540004,1.140589952
2016-04-10T23:39:02.871000,EURUSD,1.140540004,1.140570045
2016-04-10T23:39:06.227000,EURUSD,1.140550017,1.140599966
2016-04-10T23:39:58.823000,EURUSD,1.140540004,1.140589952
2016-04-10T23:40:00.830000,EURUSD,1.140540004,1.140589952
2016-04-10T23:40:46.515000,EURUSD,1.140550017,1.140599966
2016-04-10T23:40:59.588000,EURUSD,1.140540004,1.140580058
2016-04-10T23:41:02.598000,EURUSD,1.140540004,1.140580058
2016-04-10T23:41:03.776000,EURUSD,1.140550017,1.140599966
2016-04-10T23:41:57.497000,EURUSD,1.14052999,1.140580058
2016-04-10T23:41:58.595000,EURUSD,1.140540004,1.140580058
2016-04-10T23:42:00.962000,EURUSD,1.14052999,1.140580058
2016-04-10T23:42:10.659000,EURUSD,1.140540004,1.140580058
2016-04-10T23:42:52.373000,EURUSD,1.140450001,1.140490055
2016-04-10T23:42:59.756000,EURUSD,1.140490055,1.140540004
2016-04-10T23:43:00.924000,EURUSD,1.140490055,1.140540004
2016-04-10T23:43:13.701000,EURUSD,1.140509963,1.140560031
2016-04-10T23:43:58.706000,EURUSD,1.140460014,1.140519977
2016-04-10T23:44:01.003000,EURUSD,1.140460014,1.140519977
2016-04-10T23:44:27.806000,EURUSD,1.140460014,1.140509963
2016-04-10T23:44:39.629000,EURUSD,1.14052999,1.140599966
2016-04-10T23:44:59.406000,EURUSD,1.140519977,1.140570045
2016-04-10T23:45:00.533000,EURUSD,1.140519977,1.140570045
2016-04-10T23:45:01.218000,EURUSD,1.140519977,1.140570045
2016-04-10T23:45:40.985000,EURUSD,1.140290022,1.140329957
2016-04-10T23:45:58.614000,EURUSD,1.140329957,1.140370011
2016-04-10T23:46:01.605000,EURUSD,1.140329957,1.140359998
2016-04-10T23:46:22.606000,EURUSD,1.140280008,1.140339971
2016-04-10T23:46:42.526000,EURUSD,1.140390038,1.140450001
2016-04-10T23:46:56.293000,EURUSD,1.140370011,1.14041996
2016-04-10T23:47:00.104000,EURUSD,1.140370011,1.14041996
2016-04-10T23:47:10.134000,EURUSD,1.140359998,1.14041996
2016-04-10T23:47:58.465000,EURUSD,1.140380025,1.140429974
2016-04-10T23:48:01.907000,EURUSD,1.140380025,1.140429974
2016-04-10T23:48:29.191000,EURUSD,1.140380025,1.140429974
2016-04-10T23:48:34.928000,EURUSD,1.140339971,1.140400052
2016-04-10T23:48:59.374000,EURUSD,1.140349984,1.140400052
2016-04-10T23:49:00.373000,EURUSD,1.140349984,1.140400052
2016-04-10T23:49:31.407000,EURUSD,1.140339971,1.140400052
2016-04-10T23:49:52.452000,EURUSD,1.140390038,1.140429974
2016-04-10T23:49:59.517000,EURUSD,1.140380025,1.140429974
2016-04-10T23:50:02.733000,EURUSD,1.140380025,1.140429974
2016-04-10T23:50:31.745000,EURUSD,1.140349984,1.140400052
2016-04-10T23:50:52.945000,EURUSD,1.140439987,1.140480042
2016-04-10T23:50:59.070000,EURUSD,1.140429974,1.140470028
2016-04-10T23:51:00.076000,EURUSD,1.140429974,1.140470028
2016-04-10T23:51:44.139000,EURUSD,1.140400052,1.140439987
2016-04-10T23:51:59.778000,EURUSD,1.140519977,1.140550017
2016-04-10T23:51:59.849000,EURUSD,1.140509963,1.140550017
2016-04-10T23:52:00.007000,EURUSD,1.140509963,1.140550017
2016-04-10T23:52:04.203000,EURUSD,1.140560031,1.140599966
2016-04-10T23:52:59.937000,EURUSD,1.140280008,1.140319943
2016-04-10T23:53:00.027000,EURUSD,1.140280008,1.140319943
2016-04-10T23:53:04.210000,EURUSD,1.140300035,1.140339971
2016-04-10T23:53:48.002000,EURUSD,1.140059948,1.140100002
2016-04-10T23:53:59.977000,EURUSD,1.140110016,1.140159965
2016-04-10T23:54:00.033000,EURUSD,1.140110016,1.140159965
2016-04-10T23:54:05.091000,EURUSD,1.140110016,1.140140057
2016-04-10T23:54:14.926000,EURUSD,1.140159965,1.140210032
2016-04-10T23:54:59.860000,EURUSD,1.140110016,1.140149951
2016-04-10T23:55:00.071000,EURUSD,1.140110016,1.140149951
2016-04-10T23:55:42.557000,EURUSD,1.140059948,1.140110016
2016-04-10T23:55:54.767000,EURUSD,1.140169978,1.140200019
2016-04-10T23:55:59.173000,EURUSD,1.140149951,1.140200019
2016-04-10T23:56:01.262000,EURUSD,1.140149951,1.140200019
2016-04-10T23:56:16.489000,EURUSD,1.140149951,1.140190005
2016-04-10T23:56:32.771000,EURUSD,1.140210032,1.140259981
2016-04-10T23:56:59.927000,EURUSD,1.140190005,1.14022994
2016-04-10T23:57:00.356000,EURUSD,1.140190005,1.14022994
2016-04-10T23:57:00.611000,EURUSD,1.140190005,1.140239954
2016-04-10T23:57:15.065000,EURUSD,1.140079975,1.140140057
2016-04-10T23:57:57.882000,EURUSD,1.140110016,1.140149951
2016-04-10T23:58:00.449000,EURUSD,1.140110016,1.140159965
2016-04-10T23:58:06.900000,EURUSD,1.140100002,1.140149951
2016-04-10T23:58:25.446000,EURUSD,1.140480042,1.140509963
2016-04-10T23:58:59.821000,EURUSD,1.140359998,1.140409946
2016-04-10T23:59:00.018000,EURUSD,1.140359998,1.140409946
2016-04-10T23:59:23.003000,EURUSD,1.140339971,1.140380025
2016-04-10T23:59:58.095000,EURUSD,1.140490055,1.140560031
2016-04-10T23:59:59.871000,EURUSD,1.140470028,1.14052999
2016-04-11T00:00:00.034000,EURUSD,1.140470028,1.14052999
2016-04-11T00:00:00.066000,EURUSD,1.140470028,1.14052999
2016-04-11T00:01:21.969000,EURUSD,1.14041996,1.140439987
2016-04-11T00:01:47.412000,EURUSD,1.140509963,1.140570045
2016-04-11T00:01:58.110000,EURUSD,1.140390038,1.14041996
2016-04-11T00:01:59.918000,EURUSD,1.140400052,1.140450001
2016-04-11T00:02:00.008000,EURUSD,1.140400052,1.140450001
2016-04-11T00:02:00.008000,EURUSD,1.140400052,1.140450001
2016-04-11T00:02:52.805000,EURUSD,1.140339971,1.140370011
2016-04-11T00:02:59.047000,EURUSD,1.140370011,1.14041996
2016-04-11T00:03:00.007000,EURUSD,1.140370011,1.14041996
2016-04-11T00:03:10.681000,EURUSD,1.140490055,1.14052999
2016-04-11T00:03:51.608000,EURUSD,1.140349984,1.140380025
2016-04-11T00:03:59.729000,EURUSD,1.140359998,1.140409946
2016-04-11T00:04:00.338000,EURUSD,1.140359998,1.140409946
2016-04-11T00:04:03.801000,EURUSD,1.140359998,1.14041996
2016-04-11T00:04:09.107000,EURUSD,1.140239954,1.140290022
2016-04-11T00:04:59.986000,EURUSD,1.140300035,1.140359998
2016-04-11T00:05:00.005000,EURUSD,1.140300035,1.140359998
2016-04-11T00:05:06.606000,EURUSD,1.140300035,1.140359998
2016-04-11T00:05:59.964000,EURUSD,1.140179992,1.140220046
2016-04-11T00:06:00.440000,EURUSD,1.140179992,1.140220046
2016-04-11T00:06:02.437000,EURUSD,1.140159965,1.140200019
2016-04-11T00:06:10.335000,EURUSD,1.140290022,1.140329957
2016-04-11T00:06:59.830000,EURUSD,1.140190005,1.140239954
2016-04-11T00:07:00.052000,EURUSD,1.140190005,1.140239954
2016-04-11T00:07:01.043000,EURUSD,1.140149951,1.140179992
2016-04-11T00:07:46.916000,EURUSD,1.140370011,1.140400052
2016-04-11T00:07:59.012000,EURUSD,1.140359998,1.140400052
2016-04-11T00:08:00.243000,EURUSD,1.140359998,1.140400052
2016-04-11T00:08:03.436000,EURUSD,1.140429974,1.140460014
2016-04-11T00:08:18.205000,EURUSD,1.140200019,1.14022994
2016-04-11T00:08:58.826000,EURUSD,1.140329957,1.140370011
2016-04-11T00:09:00.133000,EURUSD,1.140329957,1.140370011
2016-04-11T00:09:00.134000,EURUSD,1.140329957,1.140370011
2016-04-11T00:09:52.946000,EURUSD,1.140499949,1.140550017
2016-04-11T00:09:59.263000,EURUSD,1.140480042,1.140540004
2016-04-11T00:10:00.328000,EURUSD,1.140480042,1.140540004
2016-04-11T00:10:46.095000,EURUSD,1.140499949,1.140540004
2016-04-11T00:10:50.530000,EURUSD,1.140400052,1.140450001
2016-04-11T00:10:59.167000,EURUSD,1.140429974,1.140480042
2016-04-11T00:11:00.107000,EURUSD,1.140429974,1.140480042
2016-04-11T00:11:06.434000,EURUSD,1.140450001,1.140490055
2016-04-11T00:11:54.005000,EURUSD,1.140349984,1.140409946
2016-04-11T00:11:59.262000,EURUSD,1.140380025,1.140439987
2016-04-11T00:12:00.525000,EURUSD,1.140380025,1.140439987
2016-04-11T00:12:22.437000,EURUSD,1.140390038,1.140429974
2016-04-11T00:12:48.676000,EURUSD,1.140259981,1.140280008
2016-04-11T00:12:59.152000,EURUSD,1.140300035,1.140329957
2016-04-11T00:13:00.041000,EURUSD,1.140300035,1.140329957
2016-04-11T00:13:17.922000,EURUSD,1.140300035,1.140339971
2016-04-11T00:13:26.034000,EURUSD,1.140149951,1.140200019
2016-04-11T00:13:59.942000,EURUSD,1.140190005,1.140239954
2016-04-11T00:14:01.037000,EURUSD,1.140190005,1.140239954
2016-04-11T00:14:05.900000,EURUSD,1.140239954,1.140290022
2016-04-11T00:14:59.594000,EURUSD,1.140149951,1.140200019
2016-04-11T00:14:59.976000,EURUSD,1.140149951,1.140210032
2016-04-11T00:15:00.161000,EURUSD,1.140149951,1.140210032
2016-04-11T00:15:10.104000,EURUSD,1.140140057,1.140190005
2016-04-11T00:15:32.222000,EURUSD,1.140259981,1.140300035
2016-04-11T00:16:00.179000,EURUSD,1.140200019,1.140249968
2016-04-11T00:15:59.510000,EURUSD,1.140200019,1.140249968
2016-04-11T00:16:38.896000,EURUSD,1.140249968,1.140290022
2016-04-11T00:16:44.661000,EURUSD,1.140190005,1.140239954
2016-04-11T00:16:59.851000,EURUSD,1.14022994,1.140280008
2016-04-11T00:17:00.375000,EURUSD,1.14022994,1.140280008
2016-04-11T00:17:13.202000,EURUSD,1.140239954,1.140280008
2016-04-11T00:17:58.426000,EURUSD,1.140220046,1.140259981
2016-04-11T00:18:04.452000,EURUSD,1.140220046,1.140259981
2016-04-11T00:18:07.890000,EURUSD,1.140190005,1.140239954
2016-04-11T00:18:43.510000,EURUSD,1.140290022,1.140339971
2016-04-11T00:18:59.355000,EURUSD,1.140249968,1.140300035
2016-04-11T00:19:00.247000,EURUSD,1.140249968,1.140300035
2016-04-11T00:19:07.245000,EURUSD,1.140300035,1.140349984
2016-04-11T00:19:59.781000,EURUSD,1.140249968,1.140300035
2016-04-11T00:20:00.740000,EURUSD,1.140249968,1.140300035
2016-04-11T00:20:35.558000,EURUSD,1.140239954,1.140280008
2016-04-11T00:20:54.204000,EURUSD,1.140290022,1.140339971
2016-04-11T00:20:58.009000,EURUSD,1.140239954,1.140290022
2016-04-11T00:21:01.712000,EURUSD,1.140239954,1.140290022
2016-04-11T00:21:49.440000,EURUSD,1.140200019,1.140249968
2016-04-11T00:21:59.346000,EURUSD,1.140359998,1.140400052
2016-04-11T00:21:59.348000,EURUSD,1.140349984,1.140400052
2016-04-11T00:22:00.316000,EURUSD,1.140349984,1.140390038
2016-04-11T00:22:07.497000,EURUSD,1.140310049,1.140359998
2016-04-11T00:22:34.086000,EURUSD,1.140470028,1.140519977
2016-04-11T00:22:58.668000,EURUSD,1.140439987,1.140480042
2016-04-11T00:23:01.000000,EURUSD,1.140439987,1.140490055
2016-04-11T00:23:11.198000,EURUSD,1.140429974,1.140470028
2016-04-11T00:23:39.909000,EURUSD,1.140519977,1.140540004
2016-04-11T00:23:59.258000,EURUSD,1.140499949,1.140540004
2016-04-11T00:24:00.260000,EURUSD,1.140499949,1.140540004
2016-04-11T00:24:13.347000,EURUSD,1.140499949,1.14052999
2016-04-11T00:24:22.886000,EURUSD,1.140630007,1.140650034
2016-04-11T00:24:59.744000,EURUSD,1.140509963,1.140550017
2016-04-11T00:25:00.039000,EURUSD,1.140509963,1.140550017
2016-04-11T00:25:28.035000,EURUSD,1.140409946,1.140450001
2016-04-11T00:25:59.927000,EURUSD,1.140550017,1.140589952
2016-04-11T00:26:00.008000,EURUSD,1.140550017,1.140589952
2016-04-11T00:26:07.166000,EURUSD,1.14060998,1.14064002
2016-04-11T00:26:37.956000,EURUSD,1.140460014,1.140499949
2016-04-11T00:26:58.520000,EURUSD,1.140470028,1.140519977
2016-04-11T00:27:00.894000,EURUSD,1.140470028,1.140509963
2016-04-11T00:27:04.245000,EURUSD,1.140470028,1.140509963
2016-04-11T00:27:56.596000,EURUSD,1.140300035,1.140329957
2016-04-11T00:27:59.731000,EURUSD,1.140300035,1.140349984
2016-04-11T00:28:00.147000,EURUSD,1.140300035,1.140349984
2016-04-11T00:28:25.985000,EURUSD,1.140259981,1.140300035
2016-04-11T00:28:57.252000,EURUSD,1.140359998,1.140400052
2016-04-11T00:28:59.395000,EURUSD,1.140359998,1.140390038
2016-04-11T00:29:00.307000,EURUSD,1.140359998,1.140390038
2016-04-11T00:29:09.571000,EURUSD,1.140359998,1.140390038
2016-04-11T00:29:17.553000,EURUSD,1.140310049,1.140339971
2016-04-11T00:29:58.645000,EURUSD,1.140349984,1.140390038
2016-04-11T00:30:00.606000,EURUSD,1.140349984,1.140390038
2016-04-11T00:30:03.798000,EURUSD,1.140359998,1.140390038
2016-04-11T00:30:45.249000,EURUSD,1.140249968,1.140290022
2016-04-11T00:30:59.665000,EURUSD,1.140259981,1.140310049
2016-04-11T00:31:00.035000,EURUSD,1.140259981,1.140310049
2016-04-11T00:31:12.452000,EURUSD,1.140300035,1.140349984
2016-04-11T00:31:59.990000,EURUSD,1.140190005,1.140239954
2016-04-11T00:32:00.007000,EURUSD,1.140179992,1.140239954
2016-04-11T00:32:17.273000,EURUSD,1.140210032,1.140239954
2016-04-11T00:32:59.650000,EURUSD,1.140140057,1.140190005
2016-04-11T00:33:00.061000,EURUSD,1.140140057,1.140190005
2016-04-11T00:33:10.913000,EURUSD,1.140089989,1.140120029
2016-04-11T00:33:47.848000,EURUSD,1.140179992,1.140210032
2016-04-11T00:33:58.571000,EURUSD,1.140140057,1.140190005
2016-04-11T00:34:00.576000,EURUSD,1.140140057,1.140190005
2016-04-11T00:34:01.868000,EURUSD,1.140140057,1.140179992
2016-04-11T00:34:48.461000,EURUSD,1.140200019,1.140210032
2016-04-11T00:34:59.514000,EURUSD,1.140159965,1.140200019
2016-04-11T00:35:00.381000,EURUSD,1.140159965,1.140200019
2016-04-11T00:35:17.039000,EURUSD,1.140149951,1.140179992
2016-04-11T00:35:28.858000,EURUSD,1.140200019,1.140210032
2016-04-11T00:35:57.921000,EURUSD,1.140159965,1.140190005
2016-04-11T00:36:00.186000,EURUSD,1.140159965,1.140190005
2016-04-11T00:36:18.046000,EURUSD,1.140140057,1.140190005
2016-04-11T00:36:57.314000,EURUSD,1.140200019,1.140210032
2016-04-11T00:36:59.874000,EURUSD,1.140169978,1.140210032
2016-04-11T00:37:00.007000,EURUSD,1.140169978,1.140210032
2016-04-11T00:37:13.055000,EURUSD,1.140200019,1.140210032
2016-04-11T00:37:26.745000,EURUSD,1.140149951,1.140190005
2016-04-11T00:37:59.946000,EURUSD,1.140159965,1.140200019
2016-04-11T00:38:00.039000,EURUSD,1.140159965,1.140200019
2016-04-11T00:38:00.750000,EURUSD,1.140159965,1.140200019
2016-04-11T00:38:50.037000,EURUSD,1.140400052,1.140429974
2016-04-11T00:38:59.987000,EURUSD,1.140380025,1.140409946
2016-04-11T00:39:00.206000,EURUSD,1.140380025,1.140409946
2016-04-11T00:39:17.747000,EURUSD,1.140359998,1.140409946
2016-04-11T00:39:50.509000,EURUSD,1.140480042,1.140519977
2016-04-11T00:39:58.936000,EURUSD,1.140450001,1.140490055
2016-04-11T00:40:00.004000,EURUSD,1.140450001,1.140490055
2016-04-11T00:40:05.605000,EURUSD,1.140499949,1.140519977
2016-04-11T00:40:54.595000,EURUSD,1.140390038,1.140429974
2016-04-11T00:40:59.128000,EURUSD,1.140400052,1.140439987
2016-04-11T00:41:01.136000,EURUSD,1.140400052,1.140439987
2016-04-11T00:41:06.736000,EURUSD,1.140490055,1.140509963
2016-04-11T00:41:47.429000,EURUSD,1.140329957,1.140349984
2016-04-11T00:41:59.987000,EURUSD,1.140380025,1.140409946
2016-04-11T00:42:00.008000,EURUSD,1.140380025,1.140409946
2016-04-11T00:42:16.073000,EURUSD,1.140470028,1.140499949
2016-04-11T00:42:39.752000,EURUSD,1.140380025,1.140400052
2016-04-11T00:42:59.197000,EURUSD,1.140409946,1.140450001
2016-04-11T00:43:00.004000,EURUSD,1.140409946,1.140450001
2016-04-11T00:43:52.153000,EURUSD,1.140480042,1.140509963
2016-04-11T00:43:59.373000,EURUSD,1.140359998,1.140400052
2016-04-11T00:43:59.733000,EURUSD,1.140370011,1.140400052
2016-04-11T00:44:00.785000,EURUSD,1.140370011,1.140400052
2016-04-11T00:44:01.939000,EURUSD,1.140390038,1.140429974
2016-04-11T00:44:57.465000,EURUSD,1.140249968,1.140280008
2016-04-11T00:44:59.787000,EURUSD,1.140259981,1.140300035
2016-04-11T00:45:00.623000,EURUSD,1.140259981,1.140300035
2016-04-11T00:45:09.058000,EURUSD,1.140300035,1.140339971
2016-04-11T00:45:48.073000,EURUSD,1.140130043,1.140169978
2016-04-11T00:45:58.739000,EURUSD,1.140149951,1.140179992
2016-04-11T00:46:00.007000,EURUSD,1.140149951,1.140179992
2016-04-11T00:46:03.159000,EURUSD,1.140140057,1.140169978
2016-04-11T00:46:50.648000,EURUSD,1.14022994,1.140280008
2016-04-11T00:46:59.873000,EURUSD,1.14022994,1.140269995
2016-04-11T00:47:00.026000,EURUSD,1.14022994,1.140269995
2016-04-11T00:47:16.619000,EURUSD,1.140249968,1.140290022
2016-04-11T00:47:46.212000,EURUSD,1.140200019,1.140239954
2016-04-11T00:47:59.806000,EURUSD,1.140220046,1.140249968
2016-04-11T00:48:00.035000,EURUSD,1.140220046,1.140249968
2016-04-11T00:48:03.528000,EURUSD,1.140220046,1.140249968
2016-04-11T00:48:43.495000,EURUSD,1.140300035,1.140339971
2016-04-11T00:48:59.199000,EURUSD,1.140269995,1.140300035
2016-04-11T00:49:00.727000,EURUSD,1.140269995,1.140300035
2016-04-11T00:49:48.865000,EURUSD,1.140290022,1.140329957
2016-04-11T00:49:58.005000,EURUSD,1.140210032,1.140239954
2016-04-11T00:49:59.340000,EURUSD,1.140239954,1.140280008
2016-04-11T00:50:00.190000,EURUSD,1.140239954,1.140280008
2016-04-11T00:50:00.190000,EURUSD,1.140239954,1.140280008
2016-04-11T00:50:37.253000,EURUSD,1.140300035,1.140339971
2016-04-11T00:50:59.994000,EURUSD,1.140290022,1.140329957
2016-04-11T00:51:00.404000,EURUSD,1.140290022,1.140329957
2016-04-11T00:51:04.305000,EURUSD,1.140290022,1.140329957
2016-04-11T00:51:29.492000,EURUSD,1.140089989,1.140130043
2016-04-11T00:51:57.811000,EURUSD,1.140110016,1.140149951
2016-04-11T00:52:00.814000,EURUSD,1.140110016,1.140149951
2016-04-11T00:52:03.862000,EURUSD,1.140140057,1.140190005
2016-04-11T00:52:53.138000,EURUSD,1.140059948,1.140089989
2016-04-11T00:52:59.367000,EURUSD,1.140100002,1.140149951
2016-04-11T00:53:00.409000,EURUSD,1.140100002,1.140149951
2016-04-11T00:53:05.641000,EURUSD,1.140089989,1.140120029
2016-04-11T00:53:08.882000,EURUSD,1.140140057,1.140190005
2016-04-11T00:53:59.739000,EURUSD,1.140120029,1.140149951
2016-04-11T00:54:00.004000,EURUSD,1.140120029,1.140149951
2016-04-11T00:54:02.331000,EURUSD,1.140120029,1.140149951
2016-04-11T00:54:45.502000,EURUSD,1.139799953,1.139840007
2016-04-11T00:54:59.945000,EURUSD,1.139950037,1.139989972
2016-04-11T00:55:00.007000,EURUSD,1.139950037,1.139989972
2016-04-11T00:55:07.043000,EURUSD,1.140089989,1.140130043
2016-04-11T00:55:59.478000,EURUSD,1.139860034,1.139889956
2016-04-11T00:56:00.856000,EURUSD,1.139860034,1.139889956
2016-04-11T00:56:01.209000,EURUSD,1.139860034,1.139899969
2016-04-11T00:56:39.447000,EURUSD,1.139729977,1.139750004
2016-04-11T00:56:59.793000,EURUSD,1.139760017,1.139780045
2016-04-11T00:57:00.301000,EURUSD,1.139760017,1.139780045
2016-04-11T00:57:35.240000,EURUSD,1.139790058,1.139829993
2016-04-11T00:57:59.438000,EURUSD,1.139729977,1.139750004
2016-04-11T00:57:59.946000,EURUSD,1.13973999,1.139780045
2016-04-11T00:58:00.041000,EURUSD,1.13973999,1.139780045
2016-04-11T00:58:00.602000,EURUSD,1.13973999,1.139780045
2016-04-11T00:58:00.980000,EURUSD,1.139780045,1.139809966
2016-04-11T00:58:59.797000,EURUSD,1.139760017,1.139790058
2016-04-11T00:59:00.133000,EURUSD,1.139760017,1.139790058
2016-04-11T00:59:08.450000,EURUSD,1.139760017,1.139799953
2016-04-11T00:59:34.646000,EURUSD,1.139529943,1.139539957
2016-04-11T00:59:59.905000,EURUSD,1.139559984,1.139600039
2016-04-11T01:00:00.084000,EURUSD,1.139559984,1.139600039
2016-04-11T01:00:00.508000,EURUSD,1.139559984,1.139600039
2016-04-11T01:00:59.341000,EURUSD,1.139829993,1.139870048
2016-04-11T01:01:00.031000,EURUSD,1.139829993,1.139870048
2016-04-11T01:01:17.709000,EURUSD,1.139909983,1.139940023
2016-04-11T01:01:57.014000,EURUSD,1.139790058,1.139829993
2016-04-11T01:01:59.928000,EURUSD,1.139799953,1.139840007
2016-04-11T01:02:00.645000,EURUSD,1.139799953,1.139829993
2016-04-11T01:02:02.420000,EURUSD,1.139790058,1.139829993
2016-04-11T01:02:52.285000,EURUSD,1.14022994,1.140249968
2016-04-11T01:02:59.672000,EURUSD,1.140130043,1.140159965
2016-04-11T01:03:00.068000,EURUSD,1.140130043,1.140159965
2016-04-11T01:03:02.032000,EURUSD,1.140130043,1.140159965
2016-04-11T01:03:40.959000,EURUSD,1.139960051,1.139989972
2016-04-11T01:03:59.380000,EURUSD,1.139960051,1.139999986
2016-04-11T01:04:00.116000,EURUSD,1.139960051,1.139999986
2016-04-11T01:04:00.127000,EURUSD,1.139960051,1.139999986
2016-04-11T01:04:29.054000,EURUSD,1.139840007,1.139879942
2016-04-11T01:04:59.249000,EURUSD,1.139909983,1.139950037
2016-04-11T01:05:00.029000,EURUSD,1.139909983,1.139950037
2016-04-11T01:05:49.245000,EURUSD,1.139889956,1.13993001
2016-04-11T01:05:57.740000,EURUSD,1.139979959,1.139989972
2016-04-11T01:06:00.093000,EURUSD,1.139979959,1.139989972
2016-04-11T01:06:10.043000,EURUSD,1.140120029,1.140140057
2016-04-11T01:06:59.980000,EURUSD,1.139860034,1.139889956
2016-04-11T01:07:00.001000,EURUSD,1.139860034,1.139889956
2016-04-11T01:07:08.055000,EURUSD,1.139760017,1.139799953
2016-04-11T01:07:57.740000,EURUSD,1.140050054,1.140079975
2016-04-11T01:07:59.376000,EURUSD,1.139999986,1.140050054
2016-04-11T01:08:00.229000,EURUSD,1.140009999,1.140050054
2016-04-11T01:08:00.229000,EURUSD,1.140009999,1.140050054
2016-04-11T01:08:48.696000,EURUSD,1.139950037,1.139979959
2016-04-11T01:08:59.813000,EURUSD,1.139989972,1.140020013
2016-04-11T01:09:00.140000,EURUSD,1.139989972,1.140020013
2016-04-11T01:09:40.367000,EURUSD,1.139950037,1.139979959
2016-04-11T01:09:58.738000,EURUSD,1.140020013,1.14004004
2016-04-11T01:09:59.923000,EURUSD,1.139989972,1.140030026
2016-04-11T01:10:00.924000,EURUSD,1.139989972,1.140030026
2016-04-11T01:10:19.168000,EURUSD,1.139960051,1.139979959
2016-04-11T01:10:58.176000,EURUSD,1.140059948,1.140100002
2016-04-11T01:10:59.131000,EURUSD,1.14004004,1.140059948
2016-04-11T01:11:01.030000,EURUSD,1.14004004,1.140059948
2016-04-11T01:11:25.133000,EURUSD,1.139999986,1.140020013
2016-04-11T01:11:50.973000,EURUSD,1.140300035,1.140329957
2016-04-11T01:11:59.995000,EURUSD,1.140300035,1.140319943
2016-04-11T01:12:00.010000,EURUSD,1.140300035,1.140319943
2016-04-11T01:12:00.053000,EURUSD,1.140300035,1.140319943
2016-04-11T01:12:44.012000,EURUSD,1.140460014,1.140470028
2016-04-11T01:12:59.244000,EURUSD,1.140429974,1.140460014
2016-04-11T01:13:00.045000,EURUSD,1.140429974,1.140460014
2016-04-11T01:13:17.543000,EURUSD,1.140370011,1.140390038
2016-04-11T01:13:43.436000,EURUSD,1.140759945,1.140789986
2016-04-11T01:13:59.359000,EURUSD,1.140750051,1.140779972
2016-04-11T01:14:00.024000,EURUSD,1.140750051,1.140779972
2016-04-11T01:14:13.115000,EURUSD,1.140650034,1.140689969
2016-04-11T01:14:59.451000,EURUSD,1.140930057,1.140990019
2016-04-11T01:14:59.996000,EURUSD,1.140890002,1.140949965
2016-04-11T01:15:00.007000,EURUSD,1.140890002,1.140949965
2016-04-11T01:15:07.237000,EURUSD,1.141049981,1.141070008
2016-04-11T01:15:37.873000,EURUSD,1.140779972,1.140849948
2016-04-11T01:15:59.861000,EURUSD,1.140820026,1.140890002
2016-04-11T01:16:00.101000,EURUSD,1.140820026,1.140900016
2016-04-11T01:16:25.522000,EURUSD,1.140879989,1.140900016
2016-04-11T01:16:57.573000,EURUSD,1.140699983,1.140759945
2016-04-11T01:16:59.912000,EURUSD,1.140759945,1.140810013
2016-04-11T01:17:00.020000,EURUSD,1.140759945,1.140810013
2016-04-11T01:17:03.232000,EURUSD,1.140799999,1.140840054
2016-04-11T01:17:33.943000,EURUSD,1.14072001,1.140769958
2016-04-11T01:17:59.608000,EURUSD,1.140779972,1.14083004
2016-04-11T01:18:00.572000,EURUSD,1.140779972,1.14083004
2016-04-11T01:18:07.566000,EURUSD,1.140799999,1.140840054
2016-04-11T01:18:45.335000,EURUSD,1.14064002,1.140660048
2016-04-11T01:18:59.950000,EURUSD,1.140689969,1.140740037
2016-04-11T01:19:00.060000,EURUSD,1.140689969,1.140740037
2016-04-11T01:19:01.038000,EURUSD,1.140689969,1.140740037
2016-04-11T01:19:35.326000,EURUSD,1.140509963,1.140550017
2016-04-11T01:19:59.955000,EURUSD,1.140630007,1.140679955
2016-04-11T01:20:00.052000,EURUSD,1.140630007,1.140679955
2016-04-11T01:20:06.494000,EURUSD,1.140789986,1.140849948
2016-04-11T01:20:59.134000,EURUSD,1.140619993,1.140650034
2016-04-11T01:20:59.866000,EURUSD,1.140619993,1.140660048
2016-04-11T01:21:00.304000,EURUSD,1.140619993,1.140660048
2016-04-11T01:21:27.077000,EURUSD,1.140750051,1.140779972
2016-04-11T01:21:56.495000,EURUSD,1.140550017,1.140580058
2016-04-11T01:21:58.831000,EURUSD,1.140570045,1.14060998
2016-04-11T01:22:00.061000,EURUSD,1.140570045,1.14060998
2016-04-11T01:22:28.435000,EURUSD,1.140509963,1.140550017
2016-04-11T01:22:46.440000,EURUSD,1.14072001,1.140759945
2016-04-11T01:22:59.933000,EURUSD,1.140709996,1.140750051
2016-04-11T01:23:00.536000,EURUSD,1.140709996,1.140750051
2016-04-11T01:23:01.509000,EURUSD,1.140709996,1.140750051
2016-04-11T01:23:54.726000,EURUSD,1.141010046,1.141049981
2016-04-11T01:23:59.841000,EURUSD,1.140980005,1.141010046
2016-04-11T01:24:00.006000,EURUSD,1.140980005,1.141010046
2016-04-11T01:24:06.856000,EURUSD,1.140900016,1.140939951
2016-04-11T01:24:15.257000,EURUSD,1.141080022,1.141109943
2016-04-11T01:24:57.978000,EURUSD,1.140959978,1.141000032
2016-04-11T01:25:00.084000,EURUSD,1.140959978,1.141000032
2016-04-11T01:25:18.037000,EURUSD,1.140900016,1.140930057
2016-04-11T01:25:51.665000,EURUSD,1.14102006,1.141039968
2016-04-11T01:25:59.746000,EURUSD,1.140910029,1.140939951
2016-04-11T01:26:01.532000,EURUSD,1.140910029,1.140939951
2016-04-11T01:26:12.049000,EURUSD,1.140949965,1.140990019
2016-04-11T01:26:28.248000,EURUSD,1.140859962,1.140900016
2016-04-11T01:26:59.966000,EURUSD,1.140920043,1.140949965
2016-04-11T01:27:01.020000,EURUSD,1.140920043,1.140949965
2016-04-11T01:27:14.569000,EURUSD,1.140939951,1.140949965
2016-04-11T01:27:38.906000,EURUSD,1.14072001,1.140759945
2016-04-11T01:27:59.573000,EURUSD,1.140730023,1.140759945
2016-04-11T01:28:00.267000,EURUSD,1.14072001,1.140759945
2016-04-11T01:28:34.988000,EURUSD,1.14083004,1.140849948
2016-04-11T01:28:59.754000,EURUSD,1.140669942,1.140709996
2016-04-11T01:29:00.038000,EURUSD,1.140669942,1.140709996
2016-04-11T01:29:00.959000,EURUSD,1.140669942,1.140709996
2016-04-11T01:29:29.451000,EURUSD,1.140740037,1.140769958
2016-04-11T01:29:59.902000,EURUSD,1.140679955,1.14072001
2016-04-11T01:30:00.165000,EURUSD,1.140679955,1.14072001
2016-04-11T01:30:04.886000,EURUSD,1.140650034,1.140689969
2016-04-11T01:30:30.231000,EURUSD,1.14083004,1.140859962
2016-04-11T01:30:58.801000,EURUSD,1.140799999,1.14083004
2016-04-11T01:31:00.713000,EURUSD,1.140799999,1.14083004
2016-04-11T01:31:09.262000,EURUSD,1.140859962,1.140900016
2016-04-11T01:31:34.735000,EURUSD,1.140709996,1.140740037
2016-04-11T01:31:59.341000,EURUSD,1.140859962,1.140879989
2016-04-11T01:32:00.316000,EURUSD,1.140859962,1.140879989
2016-04-11T01:32:07.152000,EURUSD,1.140849948,1.140879989
2016-04-11T01:32:54.247000,EURUSD,1.141219974,1.141250014
2016-04-11T01:32:59.756000,EURUSD,1.141190052,1.14120996
2016-04-11T01:33:00.044000,EURUSD,1.141199946,1.14120996
2016-04-11T01:33:42.761000,EURUSD,1.141160011,1.141199946
2016-04-11T01:33:59.884000,EURUSD,1.141299963,1.141330004
2016-04-11T01:33:59.959000,EURUSD,1.141270041,1.141309977
2016-04-11T01:34:00.001000,EURUSD,1.141270041,1.141309977
2016-04-11T01:34:03.201000,EURUSD,1.141260028,1.141299963
2016-04-11T01:34:27.334000,EURUSD,1.141370058,1.141420007
2016-04-11T01:34:59.575000,EURUSD,1.141280055,1.141309977
2016-04-11T01:35:00.415000,EURUSD,1.141280055,1.141309977
2016-04-11T01:35:08.599000,EURUSD,1.141199946,1.141240001
2016-04-11T01:35:56.507000,EURUSD,1.141309977,1.141340017
2016-04-11T01:35:59.990000,EURUSD,1.141289949,1.14131999
2016-04-11T01:36:00.008000,EURUSD,1.141289949,1.14131999
2016-04-11T01:36:37.813000,EURUSD,1.141240001,1.141280055
2016-04-11T01:36:44.748000,EURUSD,1.141309977,1.141340017
2016-04-11T01:36:59.334000,EURUSD,1.141260028,1.141299963
2016-04-11T01:37:00.003000,EURUSD,1.141260028,1.141299963
2016-04-11T01:37:17.835000,EURUSD,1.141219974,1.141260028
2016-04-11T01:37:49.718000,EURUSD,1.141459942,1.141489983
2016-04-11T01:37:59.994000,EURUSD,1.141409993,1.141440034
2016-04-11T01:38:00.000000,EURUSD,1.141409993,1.141440034
2016-04-11T01:38:24.744000,EURUSD,1.141559958,1.141600013
2016-04-11T01:38:38.521000,EURUSD,1.141389966,1.14143002
2016-04-11T01:38:59.872000,EURUSD,1.14143002,1.141469955
2016-04-11T01:39:00.083000,EURUSD,1.14143002,1.141469955
2016-04-11T01:39:04.140000,EURUSD,1.14143002,1.141469955
2016-04-11T01:39:18.007000,EURUSD,1.141180038,1.14120996
2016-04-11T01:39:58.576000,EURUSD,1.141219974,1.141260028
2016-04-11T01:40:00.395000,EURUSD,1.141219974,1.141260028
2016-04-11T01:40:11.835000,EURUSD,1.141199946,1.141229987
2016-04-11T01:40:35.102000,EURUSD,1.141499996,1.141540051
2016-04-11T01:40:59.970000,EURUSD,1.141299963,1.141330004
2016-04-11T01:41:00.043000,EURUSD,1.141299963,1.141330004
2016-04-11T01:41:08.602000,EURUSD,1.141270041,1.141309977
2016-04-11T01:41:28.847000,EURUSD,1.141360044,1.141389966
2016-04-11T01:41:59.378000,EURUSD,1.14131999,1.141360044
2016-04-11T01:42:00.138000,EURUSD,1.14131999,1.141360044
2016-04-11T01:42:26.743000,EURUSD,1.141360044,1.141389966
2016-04-11T01:42:33.062000,EURUSD,1.141299963,1.141350031
2016-04-11T01:42:59.778000,EURUSD,1.141330004,1.141370058
2016-04-11T01:43:00.267000,EURUSD,1.141330004,1.141370058
2016-04-11T01:43:14.382000,EURUSD,1.141299963,1.141340017
2016-04-11T01:43:30.875000,EURUSD,1.14139998,1.141420007
2016-04-11T01:43:59.983000,EURUSD,1.141379952,1.141420007
2016-04-11T01:44:00.005000,EURUSD,1.141379952,1.141420007
2016-04-11T01:44:16.368000,EURUSD,1.141370058,1.14139998
2016-04-11T01:44:54.647000,EURUSD,1.141489983,1.141520023
2016-04-11T01:44:59.678000,EURUSD,1.141450047,1.141489983
2016-04-11T01:45:00.303000,EURUSD,1.141450047,1.141489983
2016-04-11T01:45:04.370000,EURUSD,1.141420007,1.141450047
2016-04-11T01:45:58.255000,EURUSD,1.14162004,1.141649961
2016-04-11T01:45:59.979000,EURUSD,1.141569972,1.141600013
2016-04-11T01:46:00.032000,EURUSD,1.141569972,1.141600013
2016-04-11T01:46:01.283000,EURUSD,1.141569972,1.141600013
2016-04-11T01:46:59.397000,EURUSD,1.142400026,1.142429948
2016-04-11T01:46:59.983000,EURUSD,1.142359972,1.142379999
2016-04-11T01:47:00.012000,EURUSD,1.142359972,1.142379999
2016-04-11T01:47:02.113000,EURUSD,1.142580032,1.142639995
2016-04-11T01:47:48.080000,EURUSD,1.141639948,1.141680002
2016-04-11T01:47:59.984000,EURUSD,1.141890049,1.141929984
2016-04-11T01:48:00.512000,EURUSD,1.141890049,1.141929984
2016-04-11T01:48:04.479000,EURUSD,1.142030001,1.142070055
2016-04-11T01:48:44.430000,EURUSD,1.141659975,1.141690016
2016-04-11T01:48:59.915000,EURUSD,1.141700029,1.141739964
2016-04-11T01:49:00.007000,EURUSD,1.141700029,1.141739964
2016-04-11T01:49:00.831000,EURUSD,1.141680002,1.141710043
2016-04-11T01:49:51.503000,EURUSD,1.141939998,1.141970038
2016-04-11T01:49:59.904000,EURUSD,1.141829967,1.141870022
2016-04-11T01:50:00.004000,EURUSD,1.141829967,1.141870022
2016-04-11T01:50:12.415000,EURUSD,1.141849995,1.141890049
2016-04-11T01:50:50.030000,EURUSD,1.141690016,1.141729951
2016-04-11T01:50:59.783000,EURUSD,1.14181006,1.141849995
2016-04-11T01:51:00.437000,EURUSD,1.14181006,1.141849995
2016-04-11T01:51:05.264000,EURUSD,1.141860008,1.141899943
2016-04-11T01:51:59.291000,EURUSD,1.141559958,1.141600013
2016-04-11T01:52:00.105000,EURUSD,1.141559958,1.141600013
2016-04-11T01:52:00.112000,EURUSD,1.141559958,1.141600013
2016-04-11T01:52:36.012000,EURUSD,1.141710043,1.141749978
2016-04-11T01:52:59.838000,EURUSD,1.141659975,1.141690016
2016-04-11T01:53:00.840000,EURUSD,1.141659975,1.141690016
2016-04-11T01:53:27.657000,EURUSD,1.141710043,1.141739964
2016-04-11T01:53:59.988000,EURUSD,1.141630054,1.141659975
2016-04-11T01:54:00.036000,EURUSD,1.141630054,1.141659975
2016-04-11T01:54:07.442000,EURUSD,1.141630054,1.141669989
2016-04-11T01:54:35.917000,EURUSD,1.141289949,1.14131999
2016-04-11T01:54:52.294000,EURUSD,1.14131999,1.141330004
2016-04-11T01:55:00.861000,EURUSD,1.14131999,1.141330004
2016-04-11T01:55:01.437000,EURUSD,1.141340017,1.141370058
2016-04-11T01:55:24.004000,EURUSD,1.141260028,1.141270041
2016-04-11T01:55:59.107000,EURUSD,1.14131999,1.141340017
2016-04-11T01:56:00.047000,EURUSD,1.14131999,1.141340017
2016-04-11T01:56:00.233000,EURUSD,1.14131999,1.141340017
2016-04-11T01:56:19.318000,EURUSD,1.14139998,1.141420007
2016-04-11T01:57:00.004000,EURUSD,1.141379952,1.141420007
2016-04-11T01:56:59.782000,EURUSD,1.141379952,1.141420007
2016-04-11T01:57:00.112000,EURUSD,1.141389966,1.141420007
2016-04-11T01:57:25.430000,EURUSD,1.141340017,1.141379952
2016-04-11T01:57:58.504000,EURUSD,1.141350031,1.14139998
2016-04-11T01:58:00.578000,EURUSD,1.141350031,1.14139998
2016-04-11T01:58:36.796000,EURUSD,1.141340017,1.141379952
2016-04-11T01:58:59.867000,EURUSD,1.14139998,1.141420007
2016-04-11T01:59:00.639000,EURUSD,1.14139998,1.141420007
2016-04-11T01:59:03.455000,EURUSD,1.14139998,1.14143002
2016-04-11T01:59:59.735000,EURUSD,1.141160011,1.141190052
2016-04-11T01:59:59.839000,EURUSD,1.141160011,1.141199946
2016-04-11T02:00:00.006000,EURUSD,1.141160011,1.141199946
2016-04-11T02:00:01.798000,EURUSD,1.141119957,1.141160011
2016-04-11T02:00:09.723000,EURUSD,1.141240001,1.141270041
2016-04-11T02:00:59.922000,EURUSD,1.14120996,1.141240001
2016-04-11T02:01:00.249000,EURUSD,1.14120996,1.141240001
2016-04-11T02:01:00.620000,EURUSD,1.14120996,1.141240001
2016-04-11T02:01:43.060000,EURUSD,1.14102006,1.141070008
2016-04-11T02:01:59.970000,EURUSD,1.141119957,1.141160011
2016-04-11T02:02:00.053000,EURUSD,1.141119957,1.141160011
2016-04-11T02:02:00.084000,EURUSD,1.141119957,1.141160011
2016-04-11T02:02:54.802000,EURUSD,1.141190052,1.141219974
2016-04-11T02:02:59.998000,EURUSD,1.141180038,1.14120996
2016-04-11T02:03:00.008000,EURUSD,1.141180038,1.14120996
2016-04-11T02:03:14.445000,EURUSD,1.14120996,1.141250014
2016-04-11T02:03:35.085000,EURUSD,1.140930057,1.140959978
2016-04-11T02:03:59.770000,EURUSD,1.140990019,1.141010046
2016-04-11T02:04:00.118000,EURUSD,1.140990019,1.141010046
2016-04-11T02:04:02.420000,EURUSD,1.140990019,1.14102006
2016-04-11T02:04:25.006000,EURUSD,1.140650034,1.140679955
2016-04-11T02:04:59.844000,EURUSD,1.140669942,1.14072001
2016-04-11T02:05:00.278000,EURUSD,1.140669942,1.14072001
2016-04-11T02:05:06.400000,EURUSD,1.140470028,1.140519977
2016-04-11T02:05:49.457000,EURUSD,1.140769958,1.140799999
2016-04-11T02:05:59.955000,EURUSD,1.140730023,1.140759945
2016-04-11T02:06:00.829000,EURUSD,1.140730023,1.140759945
2016-04-11T02:06:15.191000,EURUSD,1.140699983,1.140730023
2016-04-11T02:06:41.651000,EURUSD,1.140980005,1.141010046
2016-04-11T02:06:58.541000,EURUSD,1.140859962,1.140900016
2016-04-11T02:07:00.309000,EURUSD,1.140859962,1.140900016
2016-04-11T02:07:20.909000,EURUSD,1.140840054,1.140890002
2016-04-11T02:07:40.133000,EURUSD,1.140869975,1.140890002
2016-04-11T02:07:55.835000,EURUSD,1.140859962,1.140890002
2016-04-11T02:08:00.403000,EURUSD,1.140859962,1.140890002
2016-04-11T02:08:20.696000,EURUSD,1.140869975,1.140890002
2016-04-11T02:08:59.872000,EURUSD,1.140750051,1.140779972
2016-04-11T02:09:02.572000,EURUSD,1.140750051,1.140779972
2016-04-11T02:09:15.133000,EURUSD,1.140740037,1.140779972
2016-04-11T02:09:59.175000,EURUSD,1.140799999,1.140840054
2016-04-11T02:10:00.179000,EURUSD,1.140799999,1.140840054
2016-04-11T02:10:02.989000,EURUSD,1.140799999,1.140840054
2016-04-11T02:10:58.886000,EURUSD,1.140740037,1.140769958
2016-04-11T02:10:59.369000,EURUSD,1.140740037,1.140779972
2016-04-11T02:11:00.370000,EURUSD,1.140740037,1.140779972
2016-04-11T02:11:05.333000,EURUSD,1.140740037,1.140769958
2016-04-11T02:11:26.413000,EURUSD,1.140799999,1.140840054
2016-04-11T02:11:59.409000,EURUSD,1.140750051,1.140779972
2016-04-11T02:12:00.042000,EURUSD,1.140750051,1.140779972
2016-04-11T02:12:01.437000,EURUSD,1.140750051,1.140769958
2016-04-11T02:12:24.967000,EURUSD,1.140840054,1.140879989
2016-04-11T02:12:58.807000,EURUSD,1.14083004,1.140859962
2016-04-11T02:13:00.206000,EURUSD,1.14083004,1.140859962
2016-04-11T02:13:17.206000,EURUSD,1.14083004,1.140849948
2016-04-11T02:13:58.970000,EURUSD,1.140930057,1.140969992
2016-04-11T02:13:59.917000,EURUSD,1.140930057,1.140949965
2016-04-11T02:14:00.243000,EURUSD,1.140930057,1.140949965
2016-04-11T02:14:17.235000,EURUSD,1.140930057,1.140959978
2016-04-11T02:14:57.807000,EURUSD,1.140810013,1.140840054
2016-04-11T02:14:59.872000,EURUSD,1.140810013,1.140849948
2016-04-11T02:15:00.283000,EURUSD,1.140810013,1.140849948
2016-04-11T02:15:39.253000,EURUSD,1.140750051,1.140779972
2016-04-11T02:15:47.754000,EURUSD,1.140810013,1.140849948
2016-04-11T02:15:59.546000,EURUSD,1.140799999,1.14083004
2016-04-11T02:16:00.250000,EURUSD,1.140799999,1.14083004
2016-04-11T02:16:17.110000,EURUSD,1.140820026,1.140849948
2016-04-11T02:16:30.074000,EURUSD,1.140769958,1.140810013
2016-04-11T02:16:58.999000,EURUSD,1.140779972,1.140820026
2016-04-11T02:17:01.161000,EURUSD,1.140779972,1.140820026
2016-04-11T02:17:04.839000,EURUSD,1.140779972,1.140820026
2016-04-11T02:17:46.846000,EURUSD,1.141000032,1.14102006
2016-04-11T02:17:59.433000,EURUSD,1.140969992,1.141010046
2016-04-11T02:18:02.110000,EURUSD,1.140969992,1.141010046
2016-04-11T02:18:21.765000,EURUSD,1.140959978,1.140990019
2016-04-11T02:18:59.934000,EURUSD,1.141090035,1.141109943
2016-04-11T02:19:00.013000,EURUSD,1.141090035,1.141109943
2016-04-11T02:19:22.077000,EURUSD,1.141100049,1.141119957
2016-04-11T02:19:57.545000,EURUSD,1.140939951,1.140990019
2016-04-11T02:19:59.716000,EURUSD,1.141029954,1.141059995
2016-04-11T02:20:00.061000,EURUSD,1.141029954,1.141059995
2016-04-11T02:20:12.740000,EURUSD,1.141049981,1.141080022
2016-04-11T02:20:40.341000,EURUSD,1.140930057,1.140990019
2016-04-11T02:20:59.969000,EURUSD,1.140969992,1.14102006
2016-04-11T02:21:00.079000,EURUSD,1.140969992,1.14102006
2016-04-11T02:21:31.240000,EURUSD,1.140949965,1.141010046
2016-04-11T02:21:56.207000,EURUSD,1.14102006,1.141070008
2016-04-11T02:21:59.973000,EURUSD,1.141010046,1.141059995
2016-04-11T02:22:00.978000,EURUSD,1.141010046,1.141059995
2016-04-11T02:22:15.647000,EURUSD,1.141049981,1.141090035
2016-04-11T02:22:45.346000,EURUSD,1.140949965,1.141000032
2016-04-11T02:22:59.113000,EURUSD,1.140990019,1.141039968
2016-04-11T02:23:00.077000,EURUSD,1.140990019,1.141039968
2016-04-11T02:23:20.241000,EURUSD,1.141059995,1.141090035
2016-04-11T02:23:24.006000,EURUSD,1.140980005,1.141039968
2016-04-11T02:23:59.900000,EURUSD,1.14102006,1.141070008
2016-04-11T02:24:01.183000,EURUSD,1.14102006,1.141070008
2016-04-11T02:24:15.829000,EURUSD,1.141010046,1.141049981
2016-04-11T02:24:58.188000,EURUSD,1.141039968,1.141080022
2016-04-11T02:24:59.194000,EURUSD,1.141029954,1.141080022
2016-04-11T02:25:00.200000,EURUSD,1.141029954,1.141080022
2016-04-11T02:25:05.320000,EURUSD,1.141010046,1.141059995
2016-04-11T02:25:50.237000,EURUSD,1.141070008,1.141109943
2016-04-11T02:25:59.275000,EURUSD,1.141059995,1.141100049
2016-04-11T02:26:00.781000,EURUSD,1.141049981,1.141100049
2016-04-11T02:26:04.473000,EURUSD,1.141049981,1.141090035
2016-04-11T02:26:58.250000,EURUSD,1.141080022,1.141109943
2016-04-11T02:26:59.604000,EURUSD,1.141059995,1.141109943
2016-04-11T02:27:00.345000,EURUSD,1.141059995,1.141109943
2016-04-11T02:27:07.543000,EURUSD,1.141049981,1.141090035
2016-04-11T02:27:30.136000,EURUSD,1.141090035,1.141129971
2016-04-11T02:27:59.060000,EURUSD,1.141070008,1.141119957
2016-04-11T02:28:01.026000,EURUSD,1.141070008,1.141119957
2016-04-11T02:28:23.479000,EURUSD,1.141070008,1.141109943
2016-04-11T02:28:56.105000,EURUSD,1.141199946,1.141250014
2016-04-11T02:28:59.828000,EURUSD,1.141190052,1.141250014
2016-04-11T02:29:00.126000,EURUSD,1.141190052,1.141250014
2016-04-11T02:29:05.405000,EURUSD,1.141190052,1.141240001
2016-04-11T02:29:32.498000,EURUSD,1.141289949,1.14131999
2016-04-11T02:29:59.733000,EURUSD,1.141250014,1.141289949
2016-04-11T02:30:00.034000,EURUSD,1.141240001,1.141289949
2016-04-11T02:30:00.529000,EURUSD,1.141240001,1.141289949
2016-04-11T02:30:56.639000,EURUSD,1.141080022,1.141119957
2016-04-11T02:30:59.178000,EURUSD,1.141080022,1.141139984
2016-04-11T02:31:00.430000,EURUSD,1.141080022,1.141139984
2016-04-11T02:31:03.613000,EURUSD,1.141080022,1.141139984
2016-04-11T02:31:23.046000,EURUSD,1.141059995,1.141100049
2016-04-11T02:31:59.839000,EURUSD,1.141070008,1.141129971
2016-04-11T02:32:02.226000,EURUSD,1.141070008,1.141129971
2016-04-11T02:32:08.815000,EURUSD,1.141059995,1.141109943
2016-04-11T02:32:24.909000,EURUSD,1.141100049,1.141160011
2016-04-11T02:32:58.971000,EURUSD,1.141080022,1.141119957
2016-04-11T02:33:01.131000,EURUSD,1.141080022,1.141119957
2016-04-11T02:33:50.766000,EURUSD,1.141080022,1.141129971
2016-04-11T02:33:59.686000,EURUSD,1.141080022,1.141119957
2016-04-11T02:34:04.138000,EURUSD,1.141080022,1.141119957
2016-04-11T02:34:16.303000,EURUSD,1.141080022,1.141109943
2016-04-11T02:34:36.300000,EURUSD,1.141160011,1.141199946
2016-04-11T02:34:58.476000,EURUSD,1.141109943,1.141149998
2016-04-11T02:35:00.309000,EURUSD,1.141109943,1.141149998
2016-04-11T02:35:01.089000,EURUSD,1.141129971,1.141180038
2016-04-11T02:35:02.042000,EURUSD,1.141090035,1.141129971
2016-04-11T02:35:58.809000,EURUSD,1.141100049,1.141139984
2016-04-11T02:36:01.035000,EURUSD,1.141100049,1.141139984
2016-04-11T02:36:06.906000,EURUSD,1.141100049,1.141139984
2016-04-11T02:36:58.037000,EURUSD,1.141240001,1.141280055
2016-04-11T02:36:59.845000,EURUSD,1.141240001,1.141260028
2016-04-11T02:37:00.005000,EURUSD,1.141240001,1.141260028
2016-04-11T02:37:05.448000,EURUSD,1.141240001,1.141260028
2016-04-11T02:37:59.138000,EURUSD,1.141280055,1.14131999
2016-04-11T02:38:01.687000,EURUSD,1.141280055,1.14131999
2016-04-11T02:38:12.839000,EURUSD,1.141280055,1.141299963
2016-04-11T02:38:56.272000,EURUSD,1.141340017,1.141370058
2016-04-11T02:38:59.428000,EURUSD,1.14131999,1.141360044
2016-04-11T02:39:01.422000,EURUSD,1.14131999,1.141360044
2016-04-11T02:39:25.938000,EURUSD,1.141340017,1.141370058
2016-04-11T02:39:54.592000,EURUSD,1.141260028,1.141289949
2016-04-11T02:39:59.066000,EURUSD,1.141260028,1.141299963
2016-04-11T02:40:01.005000,EURUSD,1.141260028,1.141299963
2016-04-11T02:40:16.773000,EURUSD,1.141260028,1.141299963
2016-04-11T02:40:59.907000,EURUSD,1.14120996,1.141250014
2016-04-11T02:41:00.068000,EURUSD,1.14120996,1.141250014
2016-04-11T02:41:01.490000,EURUSD,1.14120996,1.141250014
2016-04-11T02:41:04.808000,EURUSD,1.141100049,1.141139984
2016-04-11T02:41:59.983000,EURUSD,1.141160011,1.14120996
2016-04-11T02:42:00.200000,EURUSD,1.141160011,1.14120996
2016-04-11T02:42:04.480000,EURUSD,1.141149998,1.141180038
2016-04-11T02:42:59.978000,EURUSD,1.141219974,1.141270041
2016-04-11T02:43:00.678000,EURUSD,1.141219974,1.141270041
2016-04-11T02:43:17.568000,EURUSD,1.14120996,1.141260028
2016-04-11T02:43:43.825000,EURUSD,1.141229987,1.141280055
2016-04-11T02:43:59.959000,EURUSD,1.141229987,1.141270041
2016-04-11T02:44:00.138000,EURUSD,1.141229987,1.141270041
2016-04-11T02:44:01.355000,EURUSD,1.141229987,1.141270041
2016-04-11T02:44:14.504000,EURUSD,1.141309977,1.141350031
2016-04-11T02:44:59.659000,EURUSD,1.141270041,1.14131999
2016-04-11T02:45:00.235000,EURUSD,1.141270041,1.14131999
2016-04-11T02:45:47.255000,EURUSD,1.141280055,1.14131999
2016-04-11T02:45:58.328000,EURUSD,1.141250014,1.141309977
2016-04-11T02:46:01.837000,EURUSD,1.141250014,1.141309977
2016-04-11T02:46:09.373000,EURUSD,1.141250014,1.141309977
2016-04-11T02:46:34.232000,EURUSD,1.141370058,1.14139998
2016-04-11T02:46:59.898000,EURUSD,1.141330004,1.141379952
2016-04-11T02:47:00.176000,EURUSD,1.141330004,1.141379952
2016-04-11T02:47:00.883000,EURUSD,1.141330004,1.141379952
2016-04-11T02:47:20.370000,EURUSD,1.14143002,1.141469955
2016-04-11T02:47:58.859000,EURUSD,1.141350031,1.14139998
2016-04-11T02:48:00.024000,EURUSD,1.141350031,1.14139998
2016-04-11T02:48:12.641000,EURUSD,1.141350031,1.14139998
2016-04-11T02:48:55.528000,EURUSD,1.141289949,1.141330004
2016-04-11T02:48:59.571000,EURUSD,1.141280055,1.141340017
2016-04-11T02:49:00.004000,EURUSD,1.141280055,1.141340017
2016-04-11T02:49:13.465000,EURUSD,1.141289949,1.141330004
2016-04-11T02:49:59.803000,EURUSD,1.141350031,1.141389966
2016-04-11T02:50:00.002000,EURUSD,1.141350031,1.141389966
2016-04-11T02:50:18.235000,EURUSD,1.141360044,1.141409993
2016-04-11T02:50:47.155000,EURUSD,1.141350031,1.141389966
2016-04-11T02:50:59.200000,EURUSD,1.141350031,1.141409993
2016-04-11T02:51:00.008000,EURUSD,1.141350031,1.141409993
2016-04-11T02:51:30.834000,EURUSD,1.141350031,1.141409993
2016-04-11T02:51:59.967000,EURUSD,1.141240001,1.141299963
2016-04-11T02:52:00.065000,EURUSD,1.141240001,1.141299963
2016-04-11T02:52:06.436000,EURUSD,1.141240001,1.141299963
2016-04-11T02:52:56.239000,EURUSD,1.141129971,1.141180038
2016-04-11T02:52:59.261000,EURUSD,1.141139984,1.141190052
2016-04-11T02:53:00.029000,EURUSD,1.141139984,1.141190052
2016-04-11T02:53:05.302000,EURUSD,1.141129971,1.141180038
2016-04-11T02:53:59.406000,EURUSD,1.141160011,1.141199946
2016-04-11T02:53:59.743000,EURUSD,1.141149998,1.141199946
2016-04-11T02:54:01.277000,EURUSD,1.141149998,1.141199946
2016-04-11T02:54:10.660000,EURUSD,1.141149998,1.141199946
2016-04-11T02:54:19.944000,EURUSD,1.141029954,1.141080022
2016-04-11T02:54:59.884000,EURUSD,1.141109943,1.141160011
2016-04-11T02:55:00.184000,EURUSD,1.141109943,1.141160011
2016-04-11T02:55:08.204000,EURUSD,1.141090035,1.141119957
2016-04-11T02:55:59.378000,EURUSD,1.141280055,1.141309977
2016-04-11T02:56:00.082000,EURUSD,1.141280055,1.141309977
2016-04-11T02:56:03.366000,EURUSD,1.141270041,1.141309977
2016-04-11T02:56:27.858000,EURUSD,1.141370058,1.141420007
2016-04-11T02:56:59.995000,EURUSD,1.141350031,1.141389966
2016-04-11T02:57:00.310000,EURUSD,1.141350031,1.141389966
2016-04-11T02:57:13.242000,EURUSD,1.141360044,1.14139998
2016-04-11T02:57:43.713000,EURUSD,1.141350031,1.141379952
2016-04-11T02:57:57.923000,EURUSD,1.141350031,1.14139998
2016-04-11T02:58:01.247000,EURUSD,1.141350031,1.14139998
2016-04-11T02:58:11.203000,EURUSD,1.141370058,1.141420007
2016-04-11T02:58:56.289000,EURUSD,1.141049981,1.141100049
2016-04-11T02:58:59.912000,EURUSD,1.141109943,1.141160011
2016-04-11T02:59:00.014000,EURUSD,1.141109943,1.141160011
2016-04-11T02:59:01.266000,EURUSD,1.141109943,1.141160011
2016-04-11T02:59:56.207000,EURUSD,1.141000032,1.141029954
2016-04-11T02:59:59.761000,EURUSD,1.141000032,1.141059995
2016-04-11T03:00:00.764000,EURUSD,1.141000032,1.141059995
2016-04-11T03:00:00.900000,EURUSD,1.141000032,1.141059995
2016-04-11T03:00:04.517000,EURUSD,1.141109943,1.141160011
2016-04-11T03:00:57.646000,EURUSD,1.141029954,1.141090035
2016-04-11T03:01:00.052000,EURUSD,1.141029954,1.141090035
2016-04-11T03:01:34.967000,EURUSD,1.141029954,1.141080022
2016-04-11T03:01:59.333000,EURUSD,1.141070008,1.141119957
2016-04-11T03:02:02.370000,EURUSD,1.141070008,1.141119957
2016-04-11T03:02:24.711000,EURUSD,1.141139984,1.141190052
2016-04-11T03:02:59.281000,EURUSD,1.141059995,1.141109943
2016-04-11T03:03:01.289000,EURUSD,1.141059995,1.141109943
2016-04-11T03:03:08.841000,EURUSD,1.141049981,1.141080022
2016-04-11T03:03:37.520000,EURUSD,1.141129971,1.141180038
2016-04-11T03:03:54.788000,EURUSD,1.141119957,1.141170025
2016-04-11T03:04:02.212000,EURUSD,1.141119957,1.141170025
2016-04-11T03:04:25.702000,EURUSD,1.141119957,1.141170025
2016-04-11T03:04:57.353000,EURUSD,1.141049981,1.141090035
2016-04-11T03:04:59.876000,EURUSD,1.141059995,1.141100049
2016-04-11T03:05:00.091000,EURUSD,1.141059995,1.141100049
2016-04-11T03:05:05.468000,EURUSD,1.141059995,1.141109943
2016-04-11T03:05:24.533000,EURUSD,1.141010046,1.141049981
2016-04-11T03:05:59.661000,EURUSD,1.141010046,1.141059995
2016-04-11T03:06:01.111000,EURUSD,1.141010046,1.141059995
2016-04-11T03:06:14.903000,EURUSD,1.141010046,1.141059995
2016-04-11T03:06:56.996000,EURUSD,1.140939951,1.140980005
2016-04-11T03:06:57.605000,EURUSD,1.140939951,1.140990019
2016-04-11T03:07:01.726000,EURUSD,1.140939951,1.140990019
2016-04-11T03:07:15.647000,EURUSD,1.140930057,1.140990019
2016-04-11T03:07:20.426000,EURUSD,1.140969992,1.141010046
2016-04-11T03:07:59.599000,EURUSD,1.140949965,1.141010046
2016-04-11T03:08:00.008000,EURUSD,1.140949965,1.141010046
2016-04-11T03:08:36.675000,EURUSD,1.140939951,1.140980005
2016-04-11T03:08:58.147000,EURUSD,1.141010046,1.141049981
2016-04-11T03:08:59.994000,EURUSD,1.140959978,1.140990019
2016-04-11T03:09:00.050000,EURUSD,1.140959978,1.140990019
2016-04-11T03:09:20.347000,EURUSD,1.140900016,1.140939951
2016-04-11T03:09:55.995000,EURUSD,1.141029954,1.141070008
2016-04-11T03:09:59.407000,EURUSD,1.141010046,1.141049981
2016-04-11T03:10:01.594000,EURUSD,1.141010046,1.141049981
2016-04-11T03:10:07.302000,EURUSD,1.14102006,1.141059995
2016-04-11T03:10:58.603000,EURUSD,1.141010046,1.141049981
2016-04-11T03:11:00.605000,EURUSD,1.141010046,1.141049981
2016-04-11T03:11:02.291000,EURUSD,1.141010046,1.141049981
2016-04-11T03:11:59.387000,EURUSD,1.141029954,1.141070008
2016-04-11T03:12:00.049000,EURUSD,1.141029954,1.141070008
2016-04-11T03:12:26.435000,EURUSD,1.141029954,1.141070008
2016-04-11T03:12:59.620000,EURUSD,1.141010046,1.141049981
2016-04-11T03:13:01.626000,EURUSD,1.141010046,1.141049981
2016-04-11T03:13:23.934000,EURUSD,1.141010046,1.141049981
2016-04-11T03:13:59.853000,EURUSD,1.141039968,1.141080022
2016-04-11T03:14:01.903000,EURUSD,1.141039968,1.141080022
2016-04-11T03:14:30.257000,EURUSD,1.141039968,1.141080022
2016-04-11T03:14:57.096000,EURUSD,1.141029954,1.141049981
2016-04-11T03:14:58.660000,EURUSD,1.141029954,1.141059995
2016-04-11T03:15:00.343000,EURUSD,1.141029954,1.141059995
2016-04-11T03:15:04.949000,EURUSD,1.141029954,1.141059995
2016-04-11T03:15:59.908000,EURUSD,1.140959978,1.141000032
2016-04-11T03:16:00.709000,EURUSD,1.140959978,1.141000032
2016-04-11T03:16:29.843000,EURUSD,1.140959978,1.141000032
2016-04-11T03:16:48.298000,EURUSD,1.140990019,1.141029954
2016-04-11T03:16:59.350000,EURUSD,1.140990019,1.14102006
2016-04-11T03:17:00.014000,EURUSD,1.140990019,1.14102006
2016-04-11T03:17:05.138000,EURUSD,1.140990019,1.14102006
2016-04-11T03:17:45.463000,EURUSD,1.140969992,1.141000032
2016-04-11T03:17:59.221000,EURUSD,1.140990019,1.141000032
2016-04-11T03:18:00.186000,EURUSD,1.140990019,1.141000032
2016-04-11T03:18:05.412000,EURUSD,1.140990019,1.141000032
2016-04-11T03:18:45.958000,EURUSD,1.140959978,1.141000032
2016-04-11T03:18:59.998000,EURUSD,1.140959978,1.141010046
2016-04-11T03:19:00.015000,EURUSD,1.140959978,1.141010046
2016-04-11T03:19:05.048000,EURUSD,1.140959978,1.141000032
2016-04-11T03:19:59.975000,EURUSD,1.141000032,1.141039968
2016-04-11T03:20:03.659000,EURUSD,1.141000032,1.141039968
2016-04-11T03:20:07.350000,EURUSD,1.141000032,1.141039968
2016-04-11T03:20:56.042000,EURUSD,1.140959978,1.141010046
2016-04-11T03:20:59.249000,EURUSD,1.140959978,1.14102006
2016-04-11T03:21:00.793000,EURUSD,1.140959978,1.14102006
2016-04-11T03:21:42.970000,EURUSD,1.140959978,1.141000032
2016-04-11T03:21:59.914000,EURUSD,1.140980005,1.141029954
2016-04-11T03:22:00.106000,EURUSD,1.140990019,1.141029954
2016-04-11T03:22:00.165000,EURUSD,1.140990019,1.141029954
2016-04-11T03:22:59.212000,EURUSD,1.141049981,1.141090035
2016-04-11T03:22:59.752000,EURUSD,1.14102006,1.141070008
2016-04-11T03:23:01.104000,EURUSD,1.14102006,1.141070008
2016-04-11T03:23:28.508000,EURUSD,1.141029954,1.141080022
2016-04-11T03:23:45.868000,EURUSD,1.14102006,1.141049981
2016-04-11T03:23:59.931000,EURUSD,1.141029954,1.141070008
2016-04-11T03:24:00.937000,EURUSD,1.141029954,1.141070008
2016-04-11T03:24:29.455000,EURUSD,1.141039968,1.141090035
2016-04-11T03:24:34.293000,EURUSD,1.141010046,1.141049981
2016-04-11T03:24:56.931000,EURUSD,1.14102006,1.141070008
2016-04-11T03:25:00.142000,EURUSD,1.14102006,1.141070008
2016-04-11T03:25:00.153000,EURUSD,1.14102006,1.141070008
2016-04-11T03:25:52.220000,EURUSD,1.140930057,1.140969992
2016-04-11T03:25:59.001000,EURUSD,1.140939951,1.140980005
2016-04-11T03:26:00.004000,EURUSD,1.140939951,1.140980005
2016-04-11T03:26:06.126000,EURUSD,1.140939951,1.140980005
2016-04-11T03:26:59.049000,EURUSD,1.140879989,1.140920043
2016-04-11T03:27:00.119000,EURUSD,1.140879989,1.140920043
2016-04-11T03:27:02.350000,EURUSD,1.140879989,1.140920043
2016-04-11T03:27:53.038000,EURUSD,1.140920043,1.140959978
2016-04-11T03:27:59.827000,EURUSD,1.140890002,1.140939951
2016-04-11T03:28:00.137000,EURUSD,1.140890002,1.140939951
2016-04-11T03:28:01.644000,EURUSD,1.140890002,1.140939951
2016-04-11T03:28:49.579000,EURUSD,1.140939951,1.140980005
2016-04-11T03:28:59.232000,EURUSD,1.140930057,1.140980005
2016-04-11T03:29:01.176000,EURUSD,1.140930057,1.140980005
2016-04-11T03:29:38.717000,EURUSD,1.140969992,1.141010046
2016-04-11T03:29:59.644000,EURUSD,1.140930057,1.140980005
2016-04-11T03:30:00.048000,EURUSD,1.140930057,1.140980005
2016-04-11T03:30:03.971000,EURUSD,1.140990019,1.14102006
2016-04-11T03:30:59.986000,EURUSD,1.140769958,1.140810013
2016-04-11T03:31:00.017000,EURUSD,1.140769958,1.140810013
2016-04-11T03:31:12.037000,EURUSD,1.140769958,1.140820026
2016-04-11T03:31:33.560000,EURUSD,1.140730023,1.140779972
2016-04-11T03:31:59.109000,EURUSD,1.140750051,1.140799999
2016-04-11T03:32:00.110000,EURUSD,1.140750051,1.140799999
2016-04-11T03:32:05.507000,EURUSD,1.140820026,1.140869975
2016-04-11T03:32:47.169000,EURUSD,1.14060998,1.140660048
2016-04-11T03:32:59.964000,EURUSD,1.140709996,1.140750051
2016-04-11T03:33:00.063000,EURUSD,1.140709996,1.140750051
2016-04-11T03:33:00.925000,EURUSD,1.140709996,1.140750051
2016-04-11T03:33:17.252000,EURUSD,1.14083004,1.140869975
2016-04-11T03:33:59.965000,EURUSD,1.140750051,1.140779972
2016-04-11T03:34:00.034000,EURUSD,1.140750051,1.140779972
2016-04-11T03:34:45.236000,EURUSD,1.140769958,1.140820026
2016-04-11T03:34:58.646000,EURUSD,1.140619993,1.140669942
2016-04-11T03:34:58.707000,EURUSD,1.140630007,1.140669942
2016-04-11T03:35:02.503000,EURUSD,1.140630007,1.140669942
2016-04-11T03:35:17.747000,EURUSD,1.140619993,1.140669942
2016-04-11T03:35:44.138000,EURUSD,1.140740037,1.140769958
2016-04-11T03:35:59.107000,EURUSD,1.140660048,1.140699983
2016-04-11T03:36:00.403000,EURUSD,1.140660048,1.140699983
2016-04-11T03:36:22.119000,EURUSD,1.140660048,1.140699983
2016-04-11T03:36:59.230000,EURUSD,1.140650034,1.140689969
2016-04-11T03:37:00.297000,EURUSD,1.140650034,1.140689969
2016-04-11T03:37:36.070000,EURUSD,1.140699983,1.140740037
2016-04-11T03:37:41.032000,EURUSD,1.140650034,1.140689969
2016-04-11T03:37:59.996000,EURUSD,1.140679955,1.140730023
2016-04-11T03:38:00.996000,EURUSD,1.140679955,1.140730023
2016-04-11T03:38:03.029000,EURUSD,1.140679955,1.140730023
2016-04-11T03:38:15.745000,EURUSD,1.140740037,1.140789986
2016-04-11T03:38:59.659000,EURUSD,1.140730023,1.140769958
2016-04-11T03:39:01.647000,EURUSD,1.140730023,1.140769958
2016-04-11T03:39:04.360000,EURUSD,1.140730023,1.140769958
2016-04-11T03:39:34.655000,EURUSD,1.140879989,1.140920043
2016-04-11T03:39:59.820000,EURUSD,1.140859962,1.140910029
2016-04-11T03:40:00.671000,EURUSD,1.140859962,1.140910029
2016-04-11T03:40:11.745000,EURUSD,1.140869975,1.140920043
2016-04-11T03:40:58.332000,EURUSD,1.140840054,1.140890002
2016-04-11T03:41:00.208000,EURUSD,1.140840054,1.140890002
2016-04-11T03:41:13.355000,EURUSD,1.140840054,1.140890002
2016-04-11T03:41:26.553000,EURUSD,1.140859962,1.140900016
2016-04-11T03:41:58.297000,EURUSD,1.140849948,1.140900016
2016-04-11T03:42:00.253000,EURUSD,1.140849948,1.140900016
2016-04-11T03:42:20.977000,EURUSD,1.140939951,1.140969992
2016-04-11T03:42:57.544000,EURUSD,1.140840054,1.140869975
2016-04-11T03:42:59.674000,EURUSD,1.140840054,1.140879989
2016-04-11T03:43:00.507000,EURUSD,1.140840054,1.140879989
2016-04-11T03:43:24.578000,EURUSD,1.140849948,1.140869975
2016-04-11T03:43:28.249000,EURUSD,1.140879989,1.140930057
2016-04-11T03:43:59.799000,EURUSD,1.140869975,1.140910029
2016-04-11T03:44:03.626000,EURUSD,1.140869975,1.140910029
2016-04-11T03:44:22.528000,EURUSD,1.140869975,1.140910029
2016-04-11T03:44:59.810000,EURUSD,1.140900016,1.140930057
2016-04-11T03:45:00.099000,EURUSD,1.140900016,1.140930057
2016-04-11T03:45:11.750000,EURUSD,1.140879989,1.140910029
2016-04-11T03:45:33.323000,EURUSD,1.140900016,1.140939951
2016-04-11T03:45:59.069000,EURUSD,1.140900016,1.140930057
2016-04-11T03:46:00.069000,EURUSD,1.140900016,1.140930057
2016-04-11T03:46:24.172000,EURUSD,1.140890002,1.140930057
2016-04-11T03:46:59.771000,EURUSD,1.141039968,1.141070008
2016-04-11T03:47:00.256000,EURUSD,1.141039968,1.141070008
2016-04-11T03:47:16.745000,EURUSD,1.141029954,1.141080022
2016-04-11T03:47:21.467000,EURUSD,1.140969992,1.14102006
2016-04-11T03:47:59.527000,EURUSD,1.141029954,1.141070008
2016-04-11T03:48:00.850000,EURUSD,1.141029954,1.141070008
2016-04-11T03:48:27.046000,EURUSD,1.141029954,1.141080022
2016-04-11T03:48:41.755000,EURUSD,1.141010046,1.141049981
2016-04-11T03:48:59.631000,EURUSD,1.141029954,1.141070008
2016-04-11T03:49:01.832000,EURUSD,1.141029954,1.141070008
2016-04-11T03:49:13.234000,EURUSD,1.141029954,1.141070008
2016-04-11T03:49:57.118000,EURUSD,1.141059995,1.141090035
2016-04-11T03:49:57.934000,EURUSD,1.141059995,1.141080022
2016-04-11T03:50:00.011000,EURUSD,1.141059995,1.141080022
2016-04-11T03:50:29.511000,EURUSD,1.141070008,1.141080022
2016-04-11T03:50:58.368000,EURUSD,1.141010046,1.141049981
2016-04-11T03:51:00.150000,EURUSD,1.141010046,1.141049981
2016-04-11T03:51:11.108000,EURUSD,1.141000032,1.141039968
2016-04-11T03:51:32.566000,EURUSD,1.141109943,1.141129971
2016-04-11T03:51:59.514000,EURUSD,1.141090035,1.141129971
2016-04-11T03:52:00.624000,EURUSD,1.141090035,1.141129971
2016-04-11T03:52:36.754000,EURUSD,1.141080022,1.141100049
2016-04-11T03:52:59.555000,EURUSD,1.141149998,1.141180038
2016-04-11T03:53:00.582000,EURUSD,1.141149998,1.141180038
2016-04-11T03:53:05.356000,EURUSD,1.141160011,1.141199946
2016-04-11T03:53:59.595000,EURUSD,1.141119957,1.141160011
2016-04-11T03:53:59.847000,EURUSD,1.141129971,1.141170025
2016-04-11T03:54:00.413000,EURUSD,1.141129971,1.141170025
2016-04-11T03:54:23.735000,EURUSD,1.141129971,1.141170025
2016-04-11T03:54:25.967000,EURUSD,1.141160011,1.141190052
2016-04-11T03:54:59.934000,EURUSD,1.141139984,1.141180038
2016-04-11T03:55:03.539000,EURUSD,1.141139984,1.141180038
2016-04-11T03:55:43.340000,EURUSD,1.141139984,1.141180038
2016-04-11T03:55:45.108000,EURUSD,1.141100049,1.141149998
2016-04-11T03:55:59.969000,EURUSD,1.141119957,1.141149998
2016-04-11T03:56:00.157000,EURUSD,1.141119957,1.141149998
2016-04-11T03:56:00.165000,EURUSD,1.141119957,1.141149998
2016-04-11T03:56:55.261000,EURUSD,1.141170025,1.141199946
2016-04-11T03:56:59.320000,EURUSD,1.141149998,1.141180038
2016-04-11T03:57:01.326000,EURUSD,1.141149998,1.141180038
2016-04-11T03:57:18.359000,EURUSD,1.141109943,1.141129971
2016-04-11T03:57:55.143000,EURUSD,1.141190052,1.141219974
2016-04-11T03:57:59.324000,EURUSD,1.141160011,1.141190052
2016-04-11T03:58:01.337000,EURUSD,1.141160011,1.141190052
2016-04-11T03:58:05.093000,EURUSD,1.141160011,1.141190052
2016-04-11T03:58:34.145000,EURUSD,1.141129971,1.141180038
2016-04-11T03:58:59.306000,EURUSD,1.141149998,1.141180038
2016-04-11T03:59:00.313000,EURUSD,1.141149998,1.141180038
2016-04-11T03:59:28.306000,EURUSD,1.141149998,1.141180038
2016-04-11T03:59:30.729000,EURUSD,1.141119957,1.141149998
2016-04-11T03:59:59.705000,EURUSD,1.141129971,1.141180038
2016-04-11T04:00:00.313000,EURUSD,1.141129971,1.141180038
2016-04-11T04:00:04.393000,EURUSD,1.141029954,1.141059995
2016-04-11T04:00:21.272000,EURUSD,1.141190052,1.141219974
2016-04-11T04:00:59.440000,EURUSD,1.141180038,1.141199946
2016-04-11T04:01:00.443000,EURUSD,1.141180038,1.141199946
2016-04-11T04:01:08.669000,EURUSD,1.141180038,1.141199946
2016-04-11T04:01:10.730000,EURUSD,1.141100049,1.141149998
2016-04-11T04:01:58.962000,EURUSD,1.141139984,1.141170025
2016-04-11T04:02:01.942000,EURUSD,1.141139984,1.141170025
2016-04-11T04:02:16.273000,EURUSD,1.141139984,1.141170025
2016-04-11T04:02:56.967000,EURUSD,1.141119957,1.141160011
2016-04-11T04:02:59.910000,EURUSD,1.141119957,1.141170025
2016-04-11T04:03:00.084000,EURUSD,1.141129971,1.141170025
2016-04-11T04:03:52.045000,EURUSD,1.141090035,1.141129971
2016-04-11T04:03:59.468000,EURUSD,1.141139984,1.141170025
2016-04-11T04:04:02.483000,EURUSD,1.141139984,1.141170025
2016-04-11T04:04:30.968000,EURUSD,1.141100049,1.141129971
2016-04-11T04:04:48.806000,EURUSD,1.141160011,1.141180038
2016-04-11T04:04:58.562000,EURUSD,1.141139984,1.141190052
2016-04-11T04:05:00.499000,EURUSD,1.141139984,1.141190052
2016-04-11T04:05:20.325000,EURUSD,1.141160011,1.141199946
2016-04-11T04:05:55.292000,EURUSD,1.141100049,1.141139984
2016-04-11T04:05:58.452000,EURUSD,1.141119957,1.141170025
2016-04-11T04:06:01.905000,EURUSD,1.141119957,1.141170025
2016-04-11T04:06:34.746000,EURUSD,1.141100049,1.141139984
2016-04-11T04:06:48.508000,EURUSD,1.141240001,1.141270041
2016-04-11T04:06:58.831000,EURUSD,1.141180038,1.141219974
2016-04-11T04:07:00.076000,EURUSD,1.141180038,1.141219974
2016-04-11T04:07:16.393000,EURUSD,1.141160011,1.141199946
2016-04-11T04:07:59.538000,EURUSD,1.141180038,1.141219974
2016-04-11T04:08:01.602000,EURUSD,1.141180038,1.141219974
2016-04-11T04:08:07.543000,EURUSD,1.141180038,1.14120996
2016-04-11T04:08:57.879000,EURUSD,1.141260028,1.141289949
2016-04-11T04:08:59.780000,EURUSD,1.141260028,1.141280055
2016-04-11T04:09:00.100000,EURUSD,1.141260028,1.141280055
2016-04-11T04:09:19.993000,EURUSD,1.141250014,1.141280055
2016-04-11T04:09:35.530000,EURUSD,1.141350031,1.141370058
2016-04-11T04:09:58.778000,EURUSD,1.141330004,1.141360044
2016-04-11T04:10:00.251000,EURUSD,1.141330004,1.141360044
2016-04-11T04:10:02.724000,EURUSD,1.14131999,1.141360044
2016-04-11T04:10:38.509000,EURUSD,1.141459942,1.141499996
2016-04-11T04:10:58.116000,EURUSD,1.141409993,1.141440034
2016-04-11T04:11:00.005000,EURUSD,1.141409993,1.141440034
2016-04-11T04:11:25.936000,EURUSD,1.141379952,1.141420007
2016-04-11T04:11:56.107000,EURUSD,1.141559958,1.141579986
2016-04-11T04:11:59.577000,EURUSD,1.141530037,1.141569972
2016-04-11T04:12:00.579000,EURUSD,1.141530037,1.141569972
2016-04-11T04:12:03.436000,EURUSD,1.141530037,1.141569972
2016-04-11T04:12:57.311000,EURUSD,1.141680002,1.141710043
2016-04-11T04:12:59.754000,EURUSD,1.141649961,1.141690016
2016-04-11T04:13:02.202000,EURUSD,1.141649961,1.141690016
2016-04-11T04:13:03.740000,EURUSD,1.141649961,1.141690016
2016-04-11T04:13:12.726000,EURUSD,1.141540051,1.141579986
2016-04-11T04:13:58.814000,EURUSD,1.141559958,1.141600013
2016-04-11T04:14:00.303000,EURUSD,1.141559958,1.141600013
2016-04-11T04:14:02.829000,EURUSD,1.141559958,1.141600013
2016-04-11T04:14:40.877000,EURUSD,1.141659975,1.141690016
2016-04-11T04:14:59.931000,EURUSD,1.141639948,1.141680002
2016-04-11T04:15:00.102000,EURUSD,1.141639948,1.141680002
2016-04-11T04:15:08.127000,EURUSD,1.141639948,1.141680002
2016-04-11T04:15:59.719000,EURUSD,1.141569972,1.141610026
2016-04-11T04:16:00.851000,EURUSD,1.141569972,1.141610026
2016-04-11T04:16:50.688000,EURUSD,1.141600013,1.141639948
2016-04-11T04:16:51.608000,EURUSD,1.141559958,1.141589999
2016-04-11T04:16:59.253000,EURUSD,1.141579986,1.14162004
2016-04-11T04:17:00.049000,EURUSD,1.141579986,1.14162004
2016-04-11T04:17:06.255000,EURUSD,1.141579986,1.14162004
2016-04-11T04:17:39.176000,EURUSD,1.141680002,1.141710043
2016-04-11T04:17:59.902000,EURUSD,1.141659975,1.141700029
2016-04-11T04:18:00.427000,EURUSD,1.141659975,1.141700029
2016-04-11T04:18:26.861000,EURUSD,1.141700029,1.141720057
2016-04-11T04:18:32.615000,EURUSD,1.141659975,1.141690016
2016-04-11T04:18:59.837000,EURUSD,1.141680002,1.141710043
2016-04-11T04:19:00.936000,EURUSD,1.141680002,1.141710043
2016-04-11T04:19:17.951000,EURUSD,1.141729951,1.141759992
2016-04-11T04:19:39.850000,EURUSD,1.14162004,1.141649961
2016-04-11T04:19:59.806000,EURUSD,1.141649961,1.141659975
2016-04-11T04:20:00.014000,EURUSD,1.141649961,1.141659975
2016-04-11T04:20:05.443000,EURUSD,1.141649961,1.141659975
2016-04-11T04:20:56.111000,EURUSD,1.141610026,1.141639948
2016-04-11T04:20:57.994000,EURUSD,1.141610026,1.141649961
2016-04-11T04:21:00.029000,EURUSD,1.141610026,1.141649961
2016-04-11T04:21:14.866000,EURUSD,1.14162004,1.141649961
2016-04-11T04:21:26.940000,EURUSD,1.141540051,1.141579986
2016-04-11T04:21:59.765000,EURUSD,1.141559958,1.141589999
2016-04-11T04:22:00.017000,EURUSD,1.141559958,1.141589999
2016-04-11T04:22:11.691000,EURUSD,1.141559958,1.141589999
2016-04-11T04:22:33.329000,EURUSD,1.141569972,1.141610026
2016-04-11T04:22:58.421000,EURUSD,1.141559958,1.141610026
2016-04-11T04:23:00.432000,EURUSD,1.141559958,1.141610026
2016-04-11T04:23:22.672000,EURUSD,1.141589999,1.141630054
2016-04-11T04:23:36.206000,EURUSD,1.141549945,1.141589999
2016-04-11T04:23:58.127000,EURUSD,1.141559958,1.141589999
2016-04-11T04:24:00.124000,EURUSD,1.141559958,1.141589999
2016-04-11T04:24:20.740000,EURUSD,1.141579986,1.141600013
2016-04-11T04:24:21.426000,EURUSD,1.141549945,1.141589999
2016-04-11T04:24:59.895000,EURUSD,1.141559958,1.141589999
2016-04-11T04:25:00.040000,EURUSD,1.141549945,1.141589999
2016-04-11T04:25:36.481000,EURUSD,1.141559958,1.141589999
2016-04-11T04:25:54.529000,EURUSD,1.141479969,1.141499996
2016-04-11T04:25:59.773000,EURUSD,1.141540051,1.141569972
2016-04-11T04:26:00.040000,EURUSD,1.141540051,1.141569972
2016-04-11T04:26:32.670000,EURUSD,1.141520023,1.141559958
2016-04-11T04:26:57.946000,EURUSD,1.141649961,1.141669989
2016-04-11T04:26:59.045000,EURUSD,1.141630054,1.141669989
2016-04-11T04:27:00.762000,EURUSD,1.141630054,1.141669989
2016-04-11T04:27:01.415000,EURUSD,1.141630054,1.141659975
2016-04-11T04:27:37.410000,EURUSD,1.14181006,1.141829967
2016-04-11T04:27:59.948000,EURUSD,1.141759992,1.14181006
2016-04-11T04:28:00.009000,EURUSD,1.141759992,1.14181006
2016-04-11T04:28:04.848000,EURUSD,1.141739964,1.141780019
2016-04-11T04:28:39.276000,EURUSD,1.141790032,1.141819954
2016-04-11T04:28:59.812000,EURUSD,1.141759992,1.141800046
2016-04-11T04:29:00.424000,EURUSD,1.141759992,1.141790032
2016-04-11T04:29:57.251000,EURUSD,1.141749978,1.141790032
2016-04-11T04:29:59.975000,EURUSD,1.141770005,1.14181006
2016-04-11T04:30:00.021000,EURUSD,1.141770005,1.14181006
2016-04-11T04:30:00.387000,EURUSD,1.141770005,1.14181006
2016-04-11T04:30:40.898000,EURUSD,1.141860008,1.141890049
2016-04-11T04:30:58.822000,EURUSD,1.141839981,1.141880035
2016-04-11T04:31:00.420000,EURUSD,1.141839981,1.141880035
2016-04-11T04:31:10.413000,EURUSD,1.141860008,1.141890049
2016-04-11T04:31:58.569000,EURUSD,1.141700029,1.141739964
2016-04-11T04:32:01.611000,EURUSD,1.141700029,1.141739964
2016-04-11T04:32:09.407000,EURUSD,1.141680002,1.141710043
2016-04-11T04:32:57.105000,EURUSD,1.141759992,1.141790032
2016-04-11T04:33:00.746000,EURUSD,1.141759992,1.141790032
2016-04-11T04:33:00.971000,EURUSD,1.141780019,1.14181006
2016-04-11T04:33:59.898000,EURUSD,1.141659975,1.141700029
2016-04-11T04:34:00.038000,EURUSD,1.141659975,1.141700029
2016-04-11T04:34:39.106000,EURUSD,1.141659975,1.141700029
2016-04-11T04:34:58.750000,EURUSD,1.141710043,1.141729951
2016-04-11T04:35:00.502000,EURUSD,1.141710043,1.141729951
2016-04-11T04:35:58.077000,EURUSD,1.141749978,1.141790032
2016-04-11T04:35:59.843000,EURUSD,1.141700029,1.141729951
2016-04-11T04:36:00.064000,EURUSD,1.141700029,1.141729951
2016-04-11T04:36:27.071000,EURUSD,1.141729951,1.141749978
2016-04-11T04:36:59.382000,EURUSD,1.141659975,1.141700029
2016-04-11T04:37:01.089000,EURUSD,1.141659975,1.141700029
2016-04-11T04:37:14.392000,EURUSD,1.141659975,1.141690016
2016-04-11T04:37:57.552000,EURUSD,1.141659975,1.141700029
2016-04-11T04:38:01.571000,EURUSD,1.141659975,1.141700029
2016-04-11T04:38:31.505000,EURUSD,1.141669989,1.141700029
2016-04-11T04:38:59.807000,EURUSD,1.14162004,1.141659975
2016-04-11T04:39:00.047000,EURUSD,1.14162004,1.141659975
2016-04-11T04:39:17.361000,EURUSD,1.141639948,1.141680002
2016-04-11T04:39:59.311000,EURUSD,1.141600013,1.141610026
2016-04-11T04:39:59.800000,EURUSD,1.141600013,1.141639948
2016-04-11T04:40:00.052000,EURUSD,1.141600013,1.141639948
2016-04-11T04:40:04.355000,EURUSD,1.141639948,1.141680002
2016-04-11T04:40:33.620000,EURUSD,1.141469955,1.141499996
2016-04-11T04:40:59.409000,EURUSD,1.141530037,1.141569972
2016-04-11T04:41:00.050000,EURUSD,1.141530037,1.141569972
2016-04-11T04:41:10.515000,EURUSD,1.141549945,1.141579986
2016-04-11T04:41:40.956000,EURUSD,1.141499996,1.141540051
2016-04-11T04:41:56.789000,EURUSD,1.141530037,1.141549945
2016-04-11T04:42:00.275000,EURUSD,1.141530037,1.141549945
2016-04-11T04:42:11.212000,EURUSD,1.141549945,1.141579986
2016-04-11T04:42:46.709000,EURUSD,1.141499996,1.141540051
2016-04-11T04:42:59.042000,EURUSD,1.14151001,1.141549945
2016-04-11T04:43:00.094000,EURUSD,1.14151001,1.141549945
2016-04-11T04:43:04.326000,EURUSD,1.14151001,1.141549945
2016-04-11T04:43:41.882000,EURUSD,1.141530037,1.141569972
2016-04-11T04:43:59.883000,EURUSD,1.141520023,1.141559958
